2490 4316
265 241 319 294 aar
612 219 847 292 enarro
1017 191 1024 230 ²

1242 365 1243 432 l

268 409 397 475 sulatum
418 408 560 492 peteras,
583 407 642 472 ¹vel
666 409 766 491 potius
786 421 935 490 rogares,
964 405 993 469 i's
1014 423 1072 488 per
1092 407 1190 470 muni-

212 515 221 534 ·
269 494 349 574 cipia
370 493 565 575 coloniasque
587 491 702 570 Gutta,
723 510 741 555 a
759 509 818 572 qua
838 507 896 553 nos
912 495 985 569 bam,
1007 509 1099 572 quum
1118 508 1189 553 con·
1242 515 1243 550 i

270 577 385 640 selanus
409 577 576 660 petebatur,
598 593 664 652 non
682 572 857 660 rogabatur,
876 580 983 656 petere
1007 574 1190 638 consulatuum

159 649 205 722 31
225 658 460 737 nectebamur,
501 677 569 722 eum
599 657 722 723 Gallicis
752 663 782 720 et
803 659 925 720 lacerna
946 658 1117 720 cucurristi.
1155 657 1190 718 At

271 745 373 808 vldete
390 744 541 807 levitatem
562 743 704 806 bominis.
750 741 848 814 Quum
868 741 945 804 bora
965 741 1028 802 diei
1051 739 1120 803 fere
1139 739 1189 802 de-

271 825 374 890 eima¹
413 826 449 888 ad
475 824 554 890 Saxa
575 827 666 890 rubra
685 825 837 901 venisset,
875 824 995 887 delibuit
1014 824 1047 886 in
1072 823 1190 906 quadam

271 909 441 992 cauponula
464 915 553 992 attpue
572 911 615 972 ibi
637 925 674 972 se
697 910 852 972 occultans
874 908 1048 990 perpotavit
1077 907 1117 968 ad
1140 925 1191 967 re

272 1009 412 1076 speram
440 993 510 1056 inde
532 993 609 1056 cisio
629 993 770 1055 celeriter
791 991 828 1054 ad
850 992 957 1054 urbam
978 991 1122 1054 advectas
1139 989 1191 1052 do-

248 1131 252 1138 .
273 1094 353 1140 mum
374 1077 459 1140 venit
478 1077 576 1158 capite
594 1076 778 1139 obvolute².
824 1075 954 1138 Ianitor:
995 1074 1093 1148 ”Quis
1121 1072 1192 1136 tuf’

273 1161 321 1224 ”A
349 1159 451 1224 Marco
482 1160 684 1223 tabellarius.’'
733 1157 900 1222 Confestim
928 1156 967 1220 ad
996 1176 1082 1235 eam,
1113 1157 1191 1219 cuius

273 1261 367 1308 causa
383 1251 518 1322 uenerat,
541 1237 632 1325 eique
654 1243 814 1322 epistolam
831 1242 960 1304 tradidit.
996 1241 1192 1322 Quamquam

274 1328 327 1391 illa
348 1329 467 1410 legeret
486 1327 562 1390 flens
587 1327 665 1408 (erat
684 1326 768 1388 enirn*
784 1327 895 1408 scripta
917 1325 1082 1401 amatorie,
1113 1326 1193 1404 caput

276 1415 375 1472 autem
398 1410 582 1487 litterarum,
615 1399 674 1472 sibi
695 1425 763 1471 cum
784 1409 836 1472 illa
858 1409 947 1470 mima
969 1408 1099 1488 posthac
1126 1403 1192 1469 nibil

275 1491 407 1556 futurum
414 1512 424 1570 3
470 1509 589 1556 ornnem
610 1510 644 1555 se
669 1508 802 1554 amorem
824 1492 973 1556 abiecisse
998 1491 1112 1552 illino⁸
1151 1493 1192 1551 at-

276 1591 336 1657 que
357 1576 390 1638 in
409 1575 488 1638 banc
509 1574 734 1655 transfudisse),
767 1590 858 1656 quum
881 1575 990 1637 mulier
1010 1573 1100 1636 fleret
1122 1571 1194 1634 ube·

159 1725 162 1732 Ι
258 1659 351 1736 ‘rius
374 1657 465 1722 bomo
483 1659 657 1720 misericors
679 1657 762 1720 ferre
783 1675 845 1720 non
868 1657 985 1740 potait3
1010 1662 1102 1738 eaput
1125 1673 1194 1736 ape-

275 1742 354 1818 ruit3
374 1742 406 1804 in
427 1741 538 1804 collum
559 1743 678 1804 invasit.
724 1739 750 1804 Ο
774 1741 925 1804 bominem
948 1739 1097 1822 requam!
1129 1735 1194 1820 quid

172 1827 176 1838 '
276 1826 357 1887 enim
378 1824 460 1887 aliud
484 1825 608 1888 dicam?
636 1825 735 1907 magis
756 1825 884 1907 proprie
904 1824 979 1886 nibil
1001 1840 1130 1904 possum
1150 1822 1195 1883 di-

275 1925 357 1969 cere.
404 1907 487 1991 Ergo
515 1915 548 1972 ut
577 1914 608 1971 te
640 1909 829 1987 catamitum,
862 1909 1079 1988 necopinato
1112 1920 1195 1988 qruur
1242 1943 1243 1948 κ

275 1991 480 2069 ostendisses,
509 1998 619 2074 prater
640 2007 724 2073 spem
747 1991 855 2054 mulier
877 1990 1064 2072 adspiceret,
1088 1990 1195 2052 idcirco
1242 1949 1243 2044 f

275 2074 383 2140 urbem
415 2081 533 2138 terrore
556 2081 723 2154 nccmrnc,
756 2074 871 2138 ltaliam
901 2075 1063 2137 multorum
1087 2074 1197 2136 dierum
1242 2109 1243 2126 .

231 2164 357 2222 recreta
377 2157 581 2238 perturbasti?
628 2158 666 2221 Et
692 2155 773 2222 domi
802 2157 923 2242 quidem
946 2175 1067 2220 eausam
1089 2155 1197 2219 amoris

276 2237 389 2319 babuit,
411 2239 487 2304 foris
509 2241 598 2303 etiam
618 2241 795 2324 turpiorem,
816 2259 855 2304 ne
876 2241 910 2304 L.
931 2241 1061 2303 Plancus
1084 2239 1197 2322 predas
1242 2253 1243 2268 ¹

276 2340 351 2388 suos
378 2323 533 2388 venderet.
587 2323 755 2388 Productus
786 2331 884 2408 autem
921 2325 952 2387 in
984 2325 1197 2386 cendonema

276 2407 399 2472 tribuno
420 2409 530 2492 plebis,
560 2425 649 2490 quum
673 2408 896 2490 respondisses,
916 2414 947 2470 te
967 2408 1017 2470 rei
1035 2413 1096 2470 tuae
1114 2421 1197 2468 eausa

163 2573 165 2576 Ι
278 2493 420 2569 venisse,
462 2491 606 2574 populum
632 2492 722 2554 etiam
753 2491 887 2554 dicacem
903 2493 948 2554 *ia
976 2496 1009 2552 te
1034 2487 1197 2554 reddidisti.
1242 2541 1243 2570 ,

258 2589 260 2592 ’
279 2573 339 2658 Sed
360 2576 449 2638 nimis
470 2577 562 2637 multa
582 2574 619 2637 de
640 2576 749 2658 nugis;
783 2575 821 2638 ad
840 2575 956 2636 maiora
977 2575 1143 2636 varamus.
1242 2573 1243 2622 t

315 2725 319 2732 ,
369 2655 482 2722 Casan
504 2677 543 2721 ex
564 2657 708 2739 Hispania
726 2657 865 2720 redeunti
885 2657 1004 2721 obviam
1025 2656 1196 2740 longissime
1242 2669 1243 2710 ;

277 2742 464 2822 processisti.
513 2741 661 2806 Celeriter
683 2741 754 2818 isti,
787 2741 911 2819 redisti,
947 2747 980 2803 ut
1002 2742 1199 2824 cognosceret
1242 2755 1243 2790 ÷

277 2830 326 2902 te,
358 2825 386 2888 si
406 2826 505 2888 minus
522 2823 652 2908 fortem,
682 2831 996 2888 attamenstrenuum.
1041 2825 1149 2886 Factus
1168 2836 1198 2882 es
1242 2873 1243 2896 ,

277 2909 307 2970 ei
329 2925 445 2987 rursus,
465 2907 572 2970 nescio
598 2909 760 2989 quomodo,
781 2906 948 2970 familiaris.
990 2905 1126 2969 Habebat
1145 2905 1198 2966 boa
1242 2899 1243 2978 ζ

277 2993 400 3055 omnino
433 2989 549 3056 Cesar:
596 3009 686 3074 quem
716 2992 807 3074 plane
840 2991 989 3074 perditum
1013 3007 1074 3053 are
1103 2989 1214 3052 alieno.
1242 2997 1243 3076 t

277 3082 491 3156 egentemque,
514 3076 541 3138 si
562 3075 691 3140 eundern
713 3093 842 3156 nequam
863 3075 1015 3138 hominem
1041 3074 1198 3136 audacem-

182 3215 185 3223 .
277 3175 337 3239 que
364 3165 527 3239 cognorat,
565 3158 646 3222 bunc
677 3159 708 3221 in
740 3157 972 3220 familiaritatem
1005 3157 1198 3219 libentissime
1242 3121 1243 3212 l

113 3271 116 3284 ¹
231 3241 451 3326 roreoipiebat
498 3241 556 3314 His,
573 3243 666 3324 igitur
686 3243 778 3305 rebus
800 3242 950 3324 preclare
968 3240 1197 3313 commendatus,
1242 3215 1243 3260 ¹

263 3324 377 3396 ¹iussus
400 3341 434 3388 es
458 3327 624 3387 renuntiari
653 3326 779 3403 consul,
814 3333 844 3388 et
875 3325 995 3406 quidem
1024 3341 1092 3385 cum
1126 3326 1198 3404 ipso.

275 3405 357 3472 Nibil
378 3425 491 3488 queror
520 3407 558 3470 de
580 3408 757 3487 Dolabella,
796 3409 849 3490 qui
878 3415 939 3471 tum
971 3414 1019 3470 est
1044 3407 1197 3488 impulsus,
1242 3433 1243 3450 .

276 3491 434 3569 inductus,
469 3491 581 3554 elusus.
630 3492 695 3565 Qua
722 3494 755 3556 in
776 3509 810 3554 re
833 3497 943 3574 quanta
961 3491 1055 3554 buerit
1074 3497 1197 3569 curque

275 3581 408 3648 uestrum
428 3574 554 3656 perfidia
574 3575 607 3638 in
630 3575 836 3654 Dolabellam,
872 3575 939 3658 quis
960 3574 1106 3656 ignorat?
1150 3571 1196 3632 llle

277 3657 411 3734 induxit,
441 3665 474 3721 ut
500 3664 633 3740 peteret,
666 3660 847 3742 promissum
872 3666 903 3722 et
926 3663 1082 3740 receptum
1106 3655 1195 3722 iuter-

279 3777 509 3790 n———n

250 3905 253 3910 Ι
311 3837 445 3892 ¹decima
463 3839 528 3892 fere.
586 3843 743 3896 ’involuto
801 3843 906 3897 ³ilfim.
