2494 4314
293 231 346 288 ΙΙ·
594 227 918 288 (ΗΗΉΟΝ.

290 399 419 481 nanos,
449 399 504 484 qni
524 399 572 466 bin
593 400 707 487 ltaliam
729 402 891 468 obsidione
911 408 943 466 et
962 409 1045 468 metu
1064 403 1193 468 aarum

290 485 445 562 liberavit3
478 491 678 568 anteponatur
700 487 838 552 omnibus
861 473 1033 570 Pompeius,
1057 489 1138 552 ouius
1156 505 1194 551 res
1228 559 1229 568 χ

288 575 385 653 geste
409 575 500 652 atque
527 571 655 634 uirtutes
684 569 810 649 iisdem,
853 569 963 653 quibos
990 571 1067 634 solio
1098 589 1195 650 oprsns,

288 653 468 734 regionibus
501 671 538 718 ae
568 653 705 718 terminis
735 655 946 719 continentur:
990 655 1049 717 erit
1075 654 1195 737 protento

287 738 368 800 inter
388 737 497 800 horum
517 737 624 801 laudes
644 737 759 820 aliquid
781 739 841 803 ioci
865 745 977 802 nosue
998 739 1124 835 gloriam
1149 737 1195 800 nisi

201 843 203 853 ¹
286 819 368 883 torte
397 822 494 884 maius
526 827 574 885 est
600 820 776 904 patefacere
801 820 890 884 nobis
918 822 1111 904 provincias,
1148 837 1194 904 quo

287 903 374 967 exire
396 905 566 985 possimne,
598 923 688 989 quam
719 922 847 983 aurare,
883 911 917 967 ut
944 905 1034 968 etiam
1066 904 1127 982 ilii,
1156 902 1195 986 qui

239 989 411 1071 aprorum,
440 987 589 1067 habeant,
616 1006 677 1072 quo
698 989 831 1052 viatores
854 993 1057 1052 revertantur.
1099 987 1194 1061 Quam·

285 1086 375 1156 quam
398 1077 445 1134 est
465 1090 527 1136 uno
550 1072 621 1135 looo
644 1071 784 1136 oondioio
812 1071 923 1134 melior
951 1079 1088 1136 externa
1113 1073 1195 1136 aioto·

284 1156 339 1219 rie
361 1173 450 1237 quum
479 1155 668 1233 domestice,
708 1156 790 1239 quod
818 1154 924 1219 hostes
953 1155 1133 1239 alienigene
1158 1157 1194 1217 aut

285 1239 426 1321 oppressi
455 1240 592 1306 serviunt
620 1244 672 1304 aut
693 1239 808 1321 reoepti
829 1237 978 1301 beneficio
998 1257 1035 1302 se
1051 1240 1194 1322 ‘obligatos

283 1327 405 1404 putaut3
427 1323 479 1404 qui
500 1328 599 1387 autem
623 1340 663 1384 ex
682 1340 810 1386 numero
828 1322 952 1401 oinium,
977 1321 1128 1386 dementia
1149 1320 1193 1384 ali·

283 1423 344 1488 qua
365 1403 538 1489 depravati,
571 1406 676 1469 hostes
696 1406 801 1487 patrie
824 1406 921 1470 semel
942 1421 1013 1470 esse
1035 1409 1193 1489 coeperunt,

282 1505 355 1567 eos,
377 1507 467 1572 quum
487 1508 507 1552 a
527 1489 664 1573 pernicie
684 1489 732 1552 rei
752 1489 880 1572 publice
903 1488 1078 1572 repuleris,
1100 1485 1192 1552 neoni

281 1577 428 1638 coercere
448 1591 508 1638 nee
523 1571 672 1636 beneficio
694 1572 819 1654 plaoare
838 1573 953 1656 possim
1005 1571 1109 1646 Quare
1134 1568 1191 1634 miii

280 1674 349 1722 oum
368 1656 496 1741 perditis
520 1656 638 1720 civibus
659 1661 803 1720 eternum
818 1655 932 1719 bellum
949 1664 1124 1739 srmoeptum
1138 1669 1192 1717 esso

279 1740 380 1805 video.
427 1740 484 1803 ld¹
507 1757 568 1824 ego
590 1745 692 1804 vestro
714 1739 925 1821 bonorumque
945 1741 1082 1802 omnium
1096 1737 1192 1802 auxilio

278 1823 484 1905 memoriaque
507 1829 658 1886 tantorum
679 1823 904 1906 periculorum,
960 1839 1007 1886 uae
1029 1841 1096 1888 non
1116 1819 1191 1885 modo

239 1919 240 1924 ’
277 1908 311 1970 in
333 1907 394 1970 hoo
414 1906 548 1991 populo,
576 1907 628 1989 qui
647 1911 786 1970 servatus
811 1911 878 1984 est,
904 1841 961 1969 seg
987 1905 1046 1970 in'
1077 1905 1191 1970 omniun

276 1991 413 2075 gentium
433 1989 623 2055 sermonibus
645 2007 681 2054 ao
703 1988 852 2054 mentibus
872 2006 995 2072 semper
1014 1989 1155 2063 herebit,
1177 2002 1190 2048 a
1228 2015 1229 2028 κ

276 2094 326 2138 me
357 2080 448 2156 atque
479 2092 496 2136 a
528 2074 605 2136 meis
632 2073 724 2140 facile
751 2073 925 2158 propulsari
955 2089 1050 2154 posse
1079 2069 1190 2136 oonido.
1228 2113 1229 2133 1

275 2157 382 2240 Neque
403 2156 465 2222 ulla
485 2155 624 2238 proiecto
647 2163 731 2222 tanta
751 2157 798 2222 vis
819 2156 1006 2304 reqqrrietur,
1038 2175 1108 2240 que
1127 2171 1190 2218 con-

274 2241 461 2306 iunctionem
490 2245 621 2306 vestram
645 2242 839 2323 equitumque
886 2252 1065 2306 omanorum
1086 2247 1116 2303 et
1133 2245 1189 2300 tan·

275 2329 336 2387 tam
357 2323 613 2405 oouspirationem
641 2325 793 2392 bonorum
821 2323 953 2400 omnium
983 2317 1190 2406 confringere¹

164 2391 211 2464 ll
229 2413 306 2470 atet
327 2405 511 2473 labeiaotaro
531 2401 639 2491 possit
688 2407 763 2486 Quoe
784 2425 874 2491 quum
903 2407 947 2470 ita
975 2407 1054 2486 siat,
1088 2412 1188 2490 [patrea
1227 2391 1228 2453 t

274 2490 483 2575 oonseripti‚]⁴
501 2509 558 2574 pro
574 2490 713 2576 imperio,
727 2508 785 2574 pro
801 2491 947 2568 exercitu,
962 2507 1020 2573 pro
1034 2487 1188 2576 provincia,

274 2593 365 2658 quam
385 2575 527 2659 neglexi,
558 2593 615 2658 pro
637 2573 790 2657 triumpho
810 2575 983 2657 ceterisque
1003 2573 1102 2639 laudis
1121 2569 1188 2635 imi-

318 2659 396 2736 ibus‚
417 2676 485 2740 qum
506 2665 577 2724 sunt
597 2677 615 2723 a
635 2675 684 2722 me
701 2664 828 2741 propter
849 2657 934 2723 urhis
955 2663 1124 2740 vestraeque
1142 2671 1186 2716 aa·

273 2677 344 2805 quqis
367 2741 537 2806 custodiam
556 2742 725 2823 repudiata,
745 2759 803 2826 pro
825 2741 974 2807 clientelis
999 2740 1187 2824 hospitiisque

270 2991 411 3054 omnibus
430 2991 541 3070 rebus,
569 2927 757 3074 proPmeis
776 2992 808 3056 in
821 2927 885 3058 ¹uos
904 2927 1109 3074 {luzularibus
1118 2925 1184 3054 {lto-

270 3075 339 3152 diis,
359 3092 478 3157 proque
492 3075 560 3152 hae,
583 3093 671 3158 quam
691 3093 765 3159 pons
786 3075 877 3153 ioitis,
900 3075 937 3138 ad
960 3071 1183 3140 conservandam

268 3157 502 3240 rempublicam
527 3158 706 3242 diligentia,
734 3094 836 3223 nissim
856 3177 874 3221 a
892 3158 998 3234 vobio,
1027 3159 1087 3223 nisi
1107 3155 1183 3219 huius
1224 3199 1225 3236 ᾗ

267 3243 412 3324 temporis
428 3241 582 3324 totiusque
597 3244 657 3306 mei
674 3242 848 3308 oonmalatuo
863 3241 1039 3306 memoriam
1054 3237 1181 3323 poenum

267 3344 335 3407 quae
356 3325 427 3388 dum
449 3325 507 3388 erit
529 3326 561 3388 in
585 3327 694 3390 uestris
716 3325 776 3388 fixa
798 3323 991 3403 mentibus⁷,
1022 3316 1181 3388 tutissimo⁸

267 3428 316 3472 me
339 3425 428 3472 muro
448 3416 575 3493 septum
595 3427 668 3476 esso
688 3409 871 3476 arbitrabor.
928 3407 1018 3483 Quod
1044 3410 1076 3473 si
1096 3419 1178 3470 meam

1223 3573 1224 3598 i

299 3641 401 3696 ¹oodd.
420 3667 451 3680 ·-
469 3643 559 3708 video,
580 3643 663 3710 quod.
699 3642 870 3696 'sedetiam
889 3644 924 3694 in.
960 3639 1108 3693 'eodd.-
1153 3650 1173 3684 t·

296 3712 421 3777 iungere.
478 3710 567 3764 ‘aaa
594 3729 654 3764 aare.
680 3711 742 3778 (aaa.
760 3713 834 3767 codd.
853 3709 920 3778 opt.)
975 3709 987 3742 ⁶
1072 3736 1130 3776 N·-

296 3797 353 3848 pro.
390 3779 484 3834 ‘nihil
499 3781 578 3833 aliud.
615 3777 717 3838 'eodm
731 3784 830 3836 -.·erit
844 3783 936 3836 vernia
954 3782 1084 3836 mentibus
1101 3778 1170 3836 inira
1222 3791 1223 3794 ’

296 3849 309 3881 ⁸
327 3849 398 3903 codd.
418 3876 450 3888 —
469 3851 625 3929 firmissimo.
