<?xml version="1.0" encoding="UTF-8"?>
<!DOCTYPE html PUBLIC "-//W3C//DTD XHTML 1.0 Transitional//EN"
    "http://www.w3.org/TR/xhtml1/DTD/xhtml1-transitional.dtd">
<html xmlns="http://www.w3.org/1999/xhtml" xml:lang="en" lang="en">
 <head>
  <title>
</title>
<meta http-equiv="Content-Type" content="text/html;charset=utf-8" />
  <meta name='ocr-system' content='tesseract 3.04.00' />
  <meta name='ocr-capabilities' content='ocr_page ocr_carea ocr_par ocr_line ocrx_word'/>
</head>
<body>
  <div class='ocr_page' id='page_1' title='image "./orationesselect00madvgoog/orationesselect00madvgoog_0244.png"; bbox 0 0 2490 4316; ppageno 0'>
   <div class='ocr_carea' id='block_1_1' title="bbox 225 245 954 310">
    <p class='ocr_par' dir='ltr' id='par_1_1' title="bbox 225 245 954 310">
     <span class='ocr_line' id='line_1_1' title="bbox 225 245 954 310; baseline 0 0"><span class='ocrx_word' id='word_1_1' title='bbox 225 245 316 310; x_wconf 77' lang='lat' dir='ltr'><strong>PRO</strong></span> <span class='ocrx_word' id='word_1_2' title='bbox 344 251 471 309; x_wconf 68' lang='lat' dir='ltr'><strong>REGE</strong></span> <span class='ocrx_word' id='word_1_3' title='bbox 498 249 755 308; x_wconf 71' lang='grc' dir='ltr'>ΒΕΙΟΤΑΒΟ.</span> <span class='ocrx_word' id='word_1_4' title='bbox 903 259 954 310; x_wconf 76' lang='grc'><strong>191</strong></span> 
     </span>
    </p>
   </div>
   <div class='ocr_carea' id='block_1_2' title="bbox 17 423 1071 3180">
    <p class='ocr_par' dir='ltr' id='par_1_2' title="bbox 45 423 1071 1255">
     <span class='ocr_line' id='line_1_2' title="bbox 48 423 1008 508; baseline 0.001 -20"><span class='ocrx_word' id='word_1_5' title='bbox 48 425 115 504; x_wconf 89' lang='lat' dir='ltr'><strong>culo,</strong></span> <span class='ocrx_word' id='word_1_6' title='bbox 134 431 228 488; x_wconf 88' lang='lat' dir='ltr'><strong>tamen</strong></span> <span class='ocrx_word' id='word_1_7' title='bbox 250 431 297 488; x_wconf 88' lang='lat' dir='ltr'><strong>est</strong></span> <span class='ocrx_word' id='word_1_8' title='bbox 318 425 357 488; x_wconf 89' lang='lat' dir='ltr'><strong>ita</strong></span> <span class='ocrx_word' id='word_1_9' title='bbox 379 423 561 501; x_wconf 87' lang='lat' dir='ltr'><strong>inusitatum,</strong></span> <span class='ocrx_word' id='word_1_10' title='bbox 582 441 688 508; x_wconf 81' lang='lat' dir='ltr'><strong>regem</strong></span> <span class='ocrx_word' id='word_1_11' title='bbox 709 441 795 488; x_wconf 92' lang='lat' dir='ltr'><strong>reum</strong></span> <span class='ocrx_word' id='word_1_12' title='bbox 817 427 950 508; x_wconf 86' lang='lat' dir='ltr'><strong>eapitis¹</strong></span> <span class='ocrx_word' id='word_1_13' title='bbox 1000 443 1008 479; x_wconf 69' lang='grc' dir='ltr'><strong>ε</strong></span> 
     </span>
     <span class='ocr_line' id='line_1_3' title="bbox 48 508 983 589; baseline 0.003 -19"><span class='ocrx_word' id='word_1_14' title='bbox 48 527 114 587; x_wconf 91' lang='lat' dir='ltr'><strong>esse,</strong></span> <span class='ocrx_word' id='word_1_15' title='bbox 135 514 252 573; x_wconf 85' lang='lat' dir='ltr'><strong>utente</strong></span> <span class='ocrx_word' id='word_1_16' title='bbox 276 509 335 571; x_wconf 90' lang='lat' dir='ltr'><strong>boc</strong></span> <span class='ocrx_word' id='word_1_17' title='bbox 356 511 486 589; x_wconf 66' lang='lat' dir='ltr'><strong>tempus*</strong></span> <span class='ocrx_word' id='word_1_18' title='bbox 499 525 560 570; x_wconf 92' lang='lat' dir='ltr'><strong>non</strong></span> <span class='ocrx_word' id='word_1_19' title='bbox 585 509 624 571; x_wconf 92' lang='lat' dir='ltr'><strong>sit</strong></span> <span class='ocrx_word' id='word_1_20' title='bbox 645 508 788 572; x_wconf 89' lang='lat' dir='ltr'><strong>auditum.</strong></span> <span class='ocrx_word' id='word_1_21' title='bbox 836 509 983 572; x_wconf 81' lang='lat' dir='ltr'><strong>Deinde²</strong></span> 
     </span>
     <span class='ocr_line' id='line_1_4' title="bbox 47 598 953 675; baseline 0.002 -21"><span class='ocrx_word' id='word_1_22' title='bbox 47 611 103 654; x_wconf 92' lang='lat' dir='ltr'><strong>eum</strong></span> <span class='ocrx_word' id='word_1_23' title='bbox 125 611 244 675; x_wconf 84' lang='lat' dir='ltr'><strong>regem,</strong></span> <span class='ocrx_word' id='word_1_24' title='bbox 274 611 362 674; x_wconf 85' lang='lat' dir='ltr'><strong>quern</strong></span> <span class='ocrx_word' id='word_1_25' title='bbox 386 609 495 661; x_wconf 87' lang='lat' dir='ltr'><strong>ornare</strong></span> <span class='ocrx_word' id='word_1_26' title='bbox 517 599 605 654; x_wconf 91' lang='lat' dir='ltr'><strong>antea</strong></span> <span class='ocrx_word' id='word_1_27' title='bbox 627 598 734 654; x_wconf 85' lang='lat' dir='ltr'><strong>cuncto</strong></span> <span class='ocrx_word' id='word_1_28' title='bbox 757 601 953 660; x_wconf 65' lang='lat' dir='ltr'><strong>cunnsenatu</strong></span> 
     </span>
     <span class='ocr_line' id='line_1_5' title="bbox 46 676 954 758; baseline 0.001 -21"><span class='ocrx_word' id='word_1_29' title='bbox 46 677 163 738; x_wconf 78' lang='lat' dir='ltr'>solebam</span> <span class='ocrx_word' id='word_1_30' title='bbox 196 694 253 757; x_wconf 86' lang='lat' dir='ltr'><strong>pro</strong></span> <span class='ocrx_word' id='word_1_31' title='bbox 273 677 428 757; x_wconf 85' lang='lat' dir='ltr'><strong>perpetuis</strong></span> <span class='ocrx_word' id='word_1_32' title='bbox 461 676 527 736; x_wconf 89' lang='lat' dir='ltr'><strong>cius</strong></span> <span class='ocrx_word' id='word_1_33' title='bbox 556 676 587 737; x_wconf 91' lang='lat' dir='ltr'><strong>in</strong></span> <span class='ocrx_word' id='word_1_34' title='bbox 607 681 741 738; x_wconf 90' lang='lat' dir='ltr'><strong>nostram</strong></span> <span class='ocrx_word' id='word_1_35' title='bbox 763 696 828 740; x_wconf 86' lang='lat' dir='ltr'><strong>rem</strong></span> <span class='ocrx_word' id='word_1_36' title='bbox 849 676 954 758; x_wconf 88' lang='lat' dir='ltr'><strong>publi-</strong></span> 
     </span>
     <span class='ocr_line' id='line_1_6' title="bbox 46 759 954 842; baseline 0.003 -23"><span class='ocrx_word' id='word_1_37' title='bbox 46 778 104 820; x_wconf 87' lang='lat' dir='ltr'><strong>cem</strong></span> <span class='ocrx_word' id='word_1_38' title='bbox 117 761 245 839; x_wconf 78' lang='lat' dir='ltr'><strong>meritis,</strong></span> <span class='ocrx_word' id='word_1_39' title='bbox 258 779 337 823; x_wconf 91' lang='lat' dir='ltr'><strong>nunc</strong></span> <span class='ocrx_word' id='word_1_40' title='bbox 358 764 463 828; x_wconf 87' lang='lat' dir='ltr'><strong>eontra</strong></span> <span class='ocrx_word' id='word_1_41' title='bbox 478 759 697 821; x_wconf 87' lang='lat' dir='ltr'><strong>atrocissimum</strong></span> <span class='ocrx_word' id='word_1_42' title='bbox 719 764 832 822; x_wconf 83' lang='lat' dir='ltr'><strong>crimen</strong></span> <span class='ocrx_word' id='word_1_43' title='bbox 856 777 954 842; x_wconf 87' lang='lat' dir='ltr'><strong>cogor</strong></span> 
     </span>
     <span class='ocr_line' id='line_1_7' title="bbox 46 843 955 920; baseline 0.004 -18"><span class='ocrx_word' id='word_1_44' title='bbox 46 843 200 906; x_wconf 80' lang='lat' dir='ltr'><strong>defendere.</strong></span> <span class='ocrx_word' id='word_1_45' title='bbox 247 843 384 920; x_wconf 77' lang='lat' dir='ltr'><strong>Accedit,</strong></span> <span class='ocrx_word' id='word_1_46' title='bbox 406 849 439 904; x_wconf 90' lang='lat' dir='ltr'><strong>ut</strong></span> <span class='ocrx_word' id='word_1_47' title='bbox 461 849 669 904; x_wconf 89' lang='lat' dir='ltr'><strong>accusatorum</strong></span> <span class='ocrx_word' id='word_1_48' title='bbox 692 843 816 906; x_wconf 88' lang='lat' dir='ltr'><strong>alterius</strong></span> <span class='ocrx_word' id='word_1_49' title='bbox 840 843 955 908; x_wconf 86' lang='lat' dir='ltr'><strong>crude-</strong></span> 
     </span>
     <span class='ocr_line' id='line_1_8' title="bbox 45 925 954 1010; baseline 0.004 -24"><span class='ocrx_word' id='word_1_50' title='bbox 45 926 123 1002; x_wconf 89' lang='lat' dir='ltr'><strong>litate,</strong></span> <span class='ocrx_word' id='word_1_51' title='bbox 145 927 266 989; x_wconf 87' lang='lat' dir='ltr'><strong>alterius</strong></span> <span class='ocrx_word' id='word_1_52' title='bbox 290 927 467 1008; x_wconf 74' lang='lat' dir='ltr'><strong>indignitate</strong></span> <span class='ocrx_word' id='word_1_53' title='bbox 490 926 662 1010; x_wconf 89' lang='lat' dir='ltr'><strong>conturber.</strong></span> <span class='ocrx_word' id='word_1_54' title='bbox 709 925 869 990; x_wconf 83' lang='lat' dir='ltr'><strong>Crudelem</strong></span> <span class='ocrx_word' id='word_1_55' title='bbox 890 926 954 990; x_wconf 88' lang='lat' dir='ltr'><strong>Ca·-</strong></span> 
     </span>
     <span class='ocr_line' id='line_1_9' title="bbox 45 1009 976 1092; baseline 0.005 -23"><span class='ocrx_word' id='word_1_56' title='bbox 45 1015 149 1086; x_wconf 91' lang='lat' dir='ltr'><strong>storom‚</strong></span> <span class='ocrx_word' id='word_1_57' title='bbox 178 1029 218 1072; x_wconf 89' lang='lat' dir='ltr'><strong>ne</strong></span> <span class='ocrx_word' id='word_1_58' title='bbox 242 1011 338 1072; x_wconf 89' lang='lat' dir='ltr'><strong>dicam</strong></span> <span class='ocrx_word' id='word_1_59' title='bbox 360 1010 539 1072; x_wconf 88' lang='lat' dir='ltr'><strong>sceleratum</strong></span> <span class='ocrx_word' id='word_1_60' title='bbox 563 1015 592 1070; x_wconf 90' lang='lat' dir='ltr'><strong>et</strong></span> <span class='ocrx_word' id='word_1_61' title='bbox 616 1009 749 1091; x_wconf 88' lang='lat' dir='ltr'><strong>impium,</strong></span> <span class='ocrx_word' id='word_1_62' title='bbox 780 1013 831 1092; x_wconf 82' lang='lat' dir='ltr'><strong>qui</strong></span> <span class='ocrx_word' id='word_1_63' title='bbox 856 1029 976 1092; x_wconf 88' lang='lat' dir='ltr'><strong>nepos.</strong></span> 
     </span>
     <span class='ocr_line' id='line_1_10' title="bbox 46 1093 1071 1176; baseline 0.003 -23"><span class='ocrx_word' id='word_1_64' title='bbox 46 1111 117 1154; x_wconf 91' lang='lat' dir='ltr'><strong>avum</strong></span> <span class='ocrx_word' id='word_1_65' title='bbox 138 1095 167 1156; x_wconf 95' lang='lat' dir='ltr'><strong>in</strong></span> <span class='ocrx_word' id='word_1_66' title='bbox 189 1095 296 1176; x_wconf 89' lang='lat' dir='ltr'><strong>capitis</strong></span> <span class='ocrx_word' id='word_1_67' title='bbox 319 1094 480 1156; x_wconf 88' lang='lat' dir='ltr'><strong>discrimen</strong></span> <span class='ocrx_word' id='word_1_68' title='bbox 491 1095 512 1148; x_wconf 50' lang='grc' dir='ltr'><strong>θ’</strong></span> <span class='ocrx_word' id='word_1_69' title='bbox 531 1093 695 1171; x_wconf 72' lang='lat' dir='ltr'><strong>adduxerit¹</strong></span> <span class='ocrx_word' id='word_1_70' title='bbox 722 1093 954 1158; x_wconf 84' lang='lat' dir='ltr'><strong>adolescentiae-</strong></span> <span class='ocrx_word' id='word_1_71' title='bbox 993 1101 995 1108; x_wconf 66' lang='lat'>‘</span> <span class='ocrx_word' id='word_1_72' title='bbox 1069 1141 1071 1147; x_wconf 16' lang='lat' dir='ltr'><strong>a</strong></span> 
     </span>
     <span class='ocr_line' id='line_1_11' title="bbox 47 1176 954 1255; baseline 0.007 -19"><span class='ocrx_word' id='word_1_73' title='bbox 47 1194 95 1255; x_wconf 86' lang='lat' dir='ltr'><strong>que</strong></span> <span class='ocrx_word' id='word_1_74' title='bbox 110 1196 167 1240; x_wconf 84' lang='lat' dir='ltr'><strong>suae</strong></span> <span class='ocrx_word' id='word_1_75' title='bbox 185 1184 333 1240; x_wconf 88' lang='lat' dir='ltr'><strong>terrorem</strong></span> <span class='ocrx_word' id='word_1_76' title='bbox 353 1176 486 1239; x_wconf 85' lang='lat' dir='ltr'><strong>intulerit</strong></span> <span class='ocrx_word' id='word_1_77' title='bbox 505 1177 544 1250; x_wconf 91' lang='lat' dir='ltr'><strong>ei,</strong></span> <span class='ocrx_word' id='word_1_78' title='bbox 567 1178 651 1240; x_wconf 87' lang='lat' dir='ltr'><strong>cuius</strong></span> <span class='ocrx_word' id='word_1_79' title='bbox 671 1184 857 1240; x_wconf 89' lang='lat' dir='ltr'><strong>senectutem</strong></span> <span class='ocrx_word' id='word_1_80' title='bbox 875 1177 954 1242; x_wconf 85' lang='lat' dir='ltr'><strong>tueri</strong></span> 
     </span>
    </p>

    <p class='ocr_par' dir='ltr' id='par_1_3' title="bbox 46 1260 954 1342">
     <span class='ocr_line' id='line_1_12' title="bbox 46 1260 954 1342; baseline 0.008 -25"><span class='ocrx_word' id='word_1_81' title='bbox 46 1266 69 1318; x_wconf 89' lang='lat' dir='ltr'><strong>et</strong></span> <span class='ocrx_word' id='word_1_82' title='bbox 82 1266 178 1342; x_wconf 85' lang='lat' dir='ltr'><strong>tegere</strong></span> <span class='ocrx_word' id='word_1_83' title='bbox 191 1261 334 1338; x_wconf 87' lang='lat' dir='ltr'><strong>debebat,</strong></span> <span class='ocrx_word' id='word_1_84' title='bbox 358 1260 708 1342; x_wconf 81' lang='lat' dir='ltr'><strong>commendationemque</strong></span> <span class='ocrx_word' id='word_1_85' title='bbox 729 1261 859 1324; x_wconf 90' lang='lat' dir='ltr'><strong>ineuntis</strong></span> <span class='ocrx_word' id='word_1_86' title='bbox 877 1267 954 1324; x_wconf 83' lang='lat' dir='ltr'><strong>aeta-</strong></span> 
     </span>
    </p>

    <p class='ocr_par' dir='ltr' id='par_1_4' title="bbox 45 1343 982 1758">
     <span class='ocr_line' id='line_1_13' title="bbox 46 1343 953 1427; baseline 0.004 -25"><span class='ocrx_word' id='word_1_87' title='bbox 46 1343 77 1403; x_wconf 90' lang='lat' dir='ltr'><strong>tis</strong></span> <span class='ocrx_word' id='word_1_88' title='bbox 102 1345 134 1405; x_wconf 94' lang='lat' dir='ltr'><strong>ab</strong></span> <span class='ocrx_word' id='word_1_89' title='bbox 158 1346 309 1427; x_wconf 81' lang='lat' dir='ltr'><strong>impietate</strong></span> <span class='ocrx_word' id='word_1_90' title='bbox 333 1350 363 1406; x_wconf 92' lang='lat' dir='ltr'><strong>et</strong></span> <span class='ocrx_word' id='word_1_91' title='bbox 386 1344 423 1406; x_wconf 91' lang='lat' dir='ltr'><strong>ab</strong></span> <span class='ocrx_word' id='word_1_92' title='bbox 445 1345 564 1406; x_wconf 87' lang='lat' dir='ltr'><strong>sceiere</strong></span> <span class='ocrx_word' id='word_1_93' title='bbox 586 1344 714 1419; x_wconf 66' lang='lat' dir='ltr'><strong>duxerin</strong></span> <span class='ocrx_word' id='word_1_94' title='bbox 750 1346 798 1408; x_wconf 90' lang='lat' dir='ltr'><strong>avi</strong></span> <span class='ocrx_word' id='word_1_95' title='bbox 820 1363 953 1422; x_wconf 89' lang='lat' dir='ltr'><strong>servum,</strong></span> 
     </span>
     <span class='ocr_line' id='line_1_14' title="bbox 46 1426 953 1510; baseline 0.007 -26"><span class='ocrx_word' id='word_1_96' title='bbox 46 1435 199 1508; x_wconf 88' lang='lat' dir='ltr'><strong>corruptum</strong></span> <span class='ocrx_word' id='word_1_97' title='bbox 221 1428 373 1510; x_wconf 80' lang='lat' dir='ltr'><strong>praemiis,</strong></span> <span class='ocrx_word' id='word_1_98' title='bbox 397 1426 434 1490; x_wconf 90' lang='lat' dir='ltr'><strong>ad</strong></span> <span class='ocrx_word' id='word_1_99' title='bbox 456 1428 656 1491; x_wconf 85' lang='lat' dir='ltr'><strong>accusandum</strong></span> <span class='ocrx_word' id='word_1_100' title='bbox 676 1427 828 1492; x_wconf 91' lang='lat' dir='ltr'><strong>dominum</strong></span> <span class='ocrx_word' id='word_1_101' title='bbox 851 1430 953 1509; x_wconf 86' lang='lat' dir='ltr'><strong>impu-</strong></span> 
     </span>
     <span class='ocr_line' id='line_1_15' title="bbox 45 1507 982 1594; baseline 0.006 -26"><span class='ocrx_word' id='word_1_102' title='bbox 45 1507 119 1587; x_wconf 91' lang='lat' dir='ltr'><strong>lerit,</strong></span> <span class='ocrx_word' id='word_1_103' title='bbox 151 1514 196 1574; x_wconf 78' lang='lat' dir='ltr'><strong>a³</strong></span> <span class='ocrx_word' id='word_1_104' title='bbox 232 1513 403 1594; x_wconf 86' lang='lat' dir='ltr'><strong>legatorum</strong></span> <span class='ocrx_word' id='word_1_105' title='bbox 432 1511 562 1592; x_wconf 84' lang='lat' dir='ltr'><strong>pedibus</strong></span> <span class='ocrx_word' id='word_1_106' title='bbox 597 1510 766 1572; x_wconf 66' lang='lat' dir='ltr'><strong>abduxerit,</strong></span> <span class='ocrx_word' id='word_1_107' title='bbox 823 1513 982 1594; x_wconf 66' lang='lat' dir='ltr'><strong>Fugitiuis</strong></span> 
     </span>
     <span class='ocr_line' id='line_1_16' title="bbox 46 1592 953 1660; baseline 0.006 -9"><span class='ocrx_word' id='word_1_108' title='bbox 46 1599 129 1654; x_wconf 87' lang='lat' dir='ltr'><strong>auten</strong></span> <span class='ocrx_word' id='word_1_109' title='bbox 151 1595 303 1658; x_wconf 92' lang='lat' dir='ltr'><strong>dominum</strong></span> <span class='ocrx_word' id='word_1_110' title='bbox 325 1595 495 1660; x_wconf 88' lang='lat' dir='ltr'><strong>accusantis</strong></span> <span class='ocrx_word' id='word_1_111' title='bbox 516 1600 547 1654; x_wconf 89' lang='lat' dir='ltr'><strong>et</strong></span> <span class='ocrx_word' id='word_1_112' title='bbox 571 1592 723 1655; x_wconf 89' lang='lat' dir='ltr'><strong>dominum</strong></span> <span class='ocrx_word' id='word_1_113' title='bbox 747 1593 901 1657; x_wconf 79' lang='lat' dir='ltr'><strong>absentem</strong></span> <span class='ocrx_word' id='word_1_114' title='bbox 924 1601 953 1656; x_wconf 90' lang='lat' dir='ltr'><strong>et</strong></span> 
     </span>
     <span class='ocr_line' id='line_1_17' title="bbox 45 1673 953 1758; baseline 0.007 -24"><span class='ocrx_word' id='word_1_115' title='bbox 45 1673 179 1740; x_wconf 91' lang='lat' dir='ltr'><strong>dominum</strong></span> <span class='ocrx_word' id='word_1_116' title='bbox 202 1679 417 1742; x_wconf 88' lang='lat' dir='ltr'><strong>amicissimum</strong></span> <span class='ocrx_word' id='word_1_117' title='bbox 439 1683 550 1740; x_wconf 76' lang='lat' dir='ltr'><strong>nostru</strong></span> <span class='ocrx_word' id='word_1_118' title='bbox 576 1677 622 1738; x_wconf 89' lang='lat' dir='ltr'><strong>rei</strong></span> <span class='ocrx_word' id='word_1_119' title='bbox 651 1676 780 1758; x_wconf 82' lang='lat' dir='ltr'><strong>publicae</strong></span> <span class='ocrx_word' id='word_1_120' title='bbox 801 1697 891 1758; x_wconf 87' lang='lat' dir='ltr'><strong>quum</strong></span> <span class='ocrx_word' id='word_1_121' title='bbox 917 1695 953 1740; x_wconf 90' lang='lat' dir='ltr'><strong>os</strong></span> 
     </span>
    </p>

    <p class='ocr_par' dir='ltr' id='par_1_5' title="bbox 17 1758 1067 2928">
     <span class='ocr_line' id='line_1_18' title="bbox 17 1758 953 1845; baseline 0.005 -28"><span class='ocrx_word' id='word_1_122' title='bbox 17 1793 19 1798; x_wconf 86' lang='lat'><em>·</em></span> <span class='ocrx_word' id='word_1_123' title='bbox 45 1758 180 1840; x_wconf 87' lang='lat' dir='ltr'><strong>videbam,</strong></span> <span class='ocrx_word' id='word_1_124' title='bbox 213 1781 308 1845; x_wconf 91' lang='lat' dir='ltr'><strong>quum</strong></span> <span class='ocrx_word' id='word_1_125' title='bbox 329 1762 422 1824; x_wconf 88' lang='lat' dir='ltr'><strong>verba</strong></span> <span class='ocrx_word' id='word_1_126' title='bbox 442 1761 617 1838; x_wconf 88' lang='lat' dir='ltr'><strong>audiebam,</strong></span> <span class='ocrx_word' id='word_1_127' title='bbox 647 1777 708 1822; x_wconf 91' lang='lat' dir='ltr'><strong>non</strong></span> <span class='ocrx_word' id='word_1_128' title='bbox 729 1766 788 1822; x_wconf 89' lang='lat' dir='ltr'><strong>tam</strong></span> <span class='ocrx_word' id='word_1_129' title='bbox 813 1760 953 1824; x_wconf 80' lang='lat' dir='ltr'><strong>addictam</strong></span> 
     </span>
     <span class='ocr_line' id='line_1_19' title="bbox 45 1843 953 1924; baseline 0.008 -24"><span class='ocrx_word' id='word_1_130' title='bbox 45 1845 142 1924; x_wconf 82' lang='lat' dir='ltr'><strong>regiam</strong></span> <span class='ocrx_word' id='word_1_131' title='bbox 176 1845 388 1908; x_wconf 91' lang='lat' dir='ltr'><strong>condicionem</strong></span> <span class='ocrx_word' id='word_1_132' title='bbox 424 1843 580 1920; x_wconf 86' lang='lat' dir='ltr'><strong>dolebam,</strong></span> <span class='ocrx_word' id='word_1_133' title='bbox 629 1862 718 1924; x_wconf 88' lang='lat' dir='ltr'><strong>quam</strong></span> <span class='ocrx_word' id='word_1_134' title='bbox 750 1844 790 1906; x_wconf 89' lang='lat' dir='ltr'><strong>dc</strong></span> <span class='ocrx_word' id='word_1_135' title='bbox 823 1844 953 1908; x_wconf 76' lang='lat' dir='ltr'><strong>bortrinis</strong></span> 
     </span>
     <span class='ocr_line' id='line_1_20' title="bbox 45 1927 953 2010; baseline 0.006 -26"><span class='ocrx_word' id='word_1_136' title='bbox 45 1930 234 1992; x_wconf 79' lang='lat' dir='ltr'><strong>cominunibus</strong></span> <span class='ocrx_word' id='word_1_137' title='bbox 254 1929 495 1990; x_wconf 87' lang='lat' dir='ltr'><strong>extimescebam.</strong></span> <span class='ocrx_word' id='word_1_138' title='bbox 537 1927 622 2004; x_wconf 88' lang='lat' dir='ltr'><strong>Nam,</strong></span> <span class='ocrx_word' id='word_1_139' title='bbox 645 1947 735 2010; x_wconf 88' lang='lat' dir='ltr'><strong>quum</strong></span> <span class='ocrx_word' id='word_1_140' title='bbox 751 1947 836 1991; x_wconf 90' lang='lat' dir='ltr'><strong>more</strong></span> <span class='ocrx_word' id='word_1_141' title='bbox 852 1930 953 1990; x_wconf 85' lang='lat' dir='ltr'><strong>maio-</strong></span> 
     </span>
     <span class='ocr_line' id='line_1_21' title="bbox 44 2007 1016 2093; baseline 0.007 -27"><span class='ocrx_word' id='word_1_142' title='bbox 44 2025 97 2069; x_wconf 91' lang='lat' dir='ltr'><strong>rum</strong></span> <span class='ocrx_word' id='word_1_143' title='bbox 129 2012 165 2074; x_wconf 93' lang='lat' dir='ltr'><strong>de</strong></span> <span class='ocrx_word' id='word_1_144' title='bbox 197 2029 291 2076; x_wconf 88' lang='lat' dir='ltr'><strong>servo</strong></span> <span class='ocrx_word' id='word_1_145' title='bbox 318 2007 356 2074; x_wconf 71' lang='lat' dir='ltr'><strong>‘in</strong></span> <span class='ocrx_word' id='word_1_146' title='bbox 390 2011 543 2075; x_wconf 90' lang='lat' dir='ltr'><strong>dominum</strong></span> <span class='ocrx_word' id='word_1_147' title='bbox 576 2029 615 2074; x_wconf 92' lang='lat' dir='ltr'><strong>ne</strong></span> <span class='ocrx_word' id='word_1_148' title='bbox 644 2013 799 2074; x_wconf 89' lang='lat' dir='ltr'><strong>tormentis</strong></span> <span class='ocrx_word' id='word_1_149' title='bbox 833 2011 954 2093; x_wconf 90' lang='lat' dir='ltr'><strong>quidem</strong></span> <span class='ocrx_word' id='word_1_150' title='bbox 982 2042 1016 2088; x_wconf 54' lang='grc'><strong>-,</strong></span> 
     </span>
     <span class='ocr_line' id='line_1_22' title="bbox 45 2095 954 2176; baseline 0.008 -24"><span class='ocrx_word' id='word_1_151' title='bbox 45 2095 123 2170; x_wconf 83' lang='lat' dir='ltr'><strong>quari</strong></span> <span class='ocrx_word' id='word_1_152' title='bbox 145 2096 253 2170; x_wconf 86' lang='lat' dir='ltr'><strong>liceat,</strong></span> <span class='ocrx_word' id='word_1_153' title='bbox 283 2095 313 2156; x_wconf 92' lang='lat' dir='ltr'><strong>in</strong></span> <span class='ocrx_word' id='word_1_154' title='bbox 335 2114 394 2176; x_wconf 83' lang='lat' dir='ltr'><strong>qua</strong></span> <span class='ocrx_word' id='word_1_155' title='bbox 417 2097 593 2176; x_wconf 79' lang='lat' dir='ltr'><strong>questione</strong></span> <span class='ocrx_word' id='word_1_156' title='bbox 606 2095 694 2158; x_wconf 91' lang='lat' dir='ltr'><strong>dolor</strong></span> <span class='ocrx_word' id='word_1_157' title='bbox 716 2096 829 2158; x_wconf 87' lang='lat' dir='ltr'><strong>elicere</strong></span> <span class='ocrx_word' id='word_1_158' title='bbox 850 2112 954 2159; x_wconf 86' lang='lat' dir='ltr'><strong>veram</strong></span> 
     </span>
     <span class='ocr_line' id='line_1_23' title="bbox 44 2175 953 2262; baseline 0.007 -28"><span class='ocrx_word' id='word_1_159' title='bbox 44 2179 162 2239; x_wconf 75' lang='lat' dir='ltr'><strong>rocom4</strong></span> <span class='ocrx_word' id='word_1_160' title='bbox 178 2175 284 2262; x_wconf 72' lang='lat' dir='ltr'><strong>&#39;possit</strong></span> <span class='ocrx_word' id='word_1_161' title='bbox 303 2180 398 2260; x_wconf 90' lang='lat' dir='ltr'><strong>ctiam</strong></span> <span class='ocrx_word' id='word_1_162' title='bbox 419 2180 455 2241; x_wconf 94' lang='lat' dir='ltr'><strong>ab</strong></span> <span class='ocrx_word' id='word_1_163' title='bbox 480 2181 591 2256; x_wconf 86' lang='lat' dir='ltr'><strong>invito,</strong></span> <span class='ocrx_word' id='word_1_164' title='bbox 623 2185 748 2241; x_wconf 83' lang='lat' dir='ltr'><strong>exortus</strong></span> <span class='ocrx_word' id='word_1_165' title='bbox 771 2185 817 2240; x_wconf 88' lang='lat' dir='ltr'><strong>est</strong></span> <span class='ocrx_word' id='word_1_166' title='bbox 835 2185 953 2255; x_wconf 76' lang='lat' dir='ltr'><strong>servus,</strong></span> 
     </span>
     <span class='ocr_line' id='line_1_24' title="bbox 45 2260 952 2344; baseline -0.001 -19"><span class='ocrx_word' id='word_1_167' title='bbox 45 2260 102 2338; x_wconf 79' lang='lat' dir='ltr'><strong>qui,</strong></span> <span class='ocrx_word' id='word_1_168' title='bbox 140 2283 228 2344; x_wconf 86' lang='lat' dir='ltr'><strong>quern</strong></span> <span class='ocrx_word' id='word_1_169' title='bbox 254 2263 285 2324; x_wconf 91' lang='lat' dir='ltr'><strong>in</strong></span> <span class='ocrx_word' id='word_1_170' title='bbox 316 2263 422 2325; x_wconf 86' lang='lat' dir='ltr'><strong>eculeo</strong></span> <span class='ocrx_word' id='word_1_171' title='bbox 453 2263 608 2344; x_wconf 87' lang='lat' dir='ltr'><strong>appellare</strong></span> <span class='ocrx_word' id='word_1_172' title='bbox 636 2279 697 2324; x_wconf 91' lang='lat' dir='ltr'><strong>non</strong></span> <span class='ocrx_word' id='word_1_173' title='bbox 730 2269 852 2344; x_wconf 85' lang='lat' dir='ltr'><strong>posset,</strong></span> <span class='ocrx_word' id='word_1_174' title='bbox 884 2281 952 2326; x_wconf 90' lang='lat' dir='ltr'><strong>eum</strong></span> 
     </span>
     <span class='ocr_line' id='line_1_25' title="bbox 46 2344 1067 2424; baseline 0.014 -24"><span class='ocrx_word' id='word_1_175' title='bbox 46 2353 150 2407; x_wconf 89' lang='lat' dir='ltr'><strong>accuset</strong></span> <span class='ocrx_word' id='word_1_176' title='bbox 179 2348 309 2409; x_wconf 91' lang='lat' dir='ltr'><strong>solutus.</strong></span> <span class='ocrx_word' id='word_1_177' title='bbox 365 2345 524 2406; x_wconf 84' lang='lat' dir='ltr'><strong>Perturbat</strong></span> <span class='ocrx_word' id='word_1_178' title='bbox 550 2365 614 2422; x_wconf 91' lang='lat' dir='ltr'><strong>me,</strong></span> <span class='ocrx_word' id='word_1_179' title='bbox 653 2345 687 2408; x_wconf 87' lang='lat' dir='ltr'><strong>C.</strong></span> <span class='ocrx_word' id='word_1_180' title='bbox 710 2347 830 2424; x_wconf 78' lang='lat' dir='ltr'><strong>Cesar,</strong></span> <span class='ocrx_word' id='word_1_181' title='bbox 863 2344 1024 2420; x_wconf 74' lang='lat' dir='ltr'><strong>etiam42</strong></span> <span class='ocrx_word' id='word_1_182' title='bbox 1064 2355 1067 2360; x_wconf 82' lang='lat'>&#39;</span> 
     </span>
     <span class='ocr_line' id='line_1_26' title="bbox 45 2423 952 2512; baseline 0.009 -29"><span class='ocrx_word' id='word_1_183' title='bbox 45 2423 107 2488; x_wconf 91' lang='lat' dir='ltr'><strong>illud</strong></span> <span class='ocrx_word' id='word_1_184' title='bbox 123 2430 274 2494; x_wconf 69' lang='lat' dir='ltr'><strong>,interdum</strong></span> <span class='ocrx_word' id='word_1_185' title='bbox 295 2429 388 2509; x_wconf 86' lang='lat' dir='ltr'><strong>(quod</strong></span> <span class='ocrx_word' id='word_1_186' title='bbox 409 2435 527 2507; x_wconf 88' lang='lat' dir='ltr'><strong>tamen,</strong></span> <span class='ocrx_word' id='word_1_187' title='bbox 556 2448 647 2510; x_wconf 87' lang='lat' dir='ltr'><strong>quum</strong></span> <span class='ocrx_word' id='word_1_188' title='bbox 668 2434 698 2490; x_wconf 89' lang='lat' dir='ltr'><strong>te</strong></span> <span class='ocrx_word' id='word_1_189' title='bbox 716 2429 838 2512; x_wconf 87' lang='lat' dir='ltr'><strong>penitus</strong></span> <span class='ocrx_word' id='word_1_190' title='bbox 859 2447 952 2498; x_wconf 51' lang='lat' dir='ltr'><strong>reco-</strong></span> 
     </span>
     <span class='ocr_line' id='line_1_27' title="bbox 45 2513 1041 2596; baseline 0.008 -28"><span class='ocrx_word' id='word_1_191' title='bbox 45 2513 133 2589; x_wconf 82' lang='lat' dir='ltr'><strong>gnovi,</strong></span> <span class='ocrx_word' id='word_1_192' title='bbox 154 2515 262 2576; x_wconf 88' lang='lat' dir='ltr'><strong>timere</strong></span> <span class='ocrx_word' id='word_1_193' title='bbox 285 2513 411 2589; x_wconf 85' lang='lat' dir='ltr'><strong>desin03</strong></span> <span class='ocrx_word' id='word_1_194' title='bbox 436 2531 470 2574; x_wconf 92' lang='lat' dir='ltr'><strong>re</strong></span> <span class='ocrx_word' id='word_1_195' title='bbox 494 2513 573 2574; x_wconf 91' lang='lat' dir='ltr'><strong>enim</strong></span> <span class='ocrx_word' id='word_1_196' title='bbox 597 2513 729 2593; x_wconf 89' lang='lat' dir='ltr'><strong>iniquum</strong></span> <span class='ocrx_word' id='word_1_197' title='bbox 748 2519 804 2589; x_wconf 92' lang='lat' dir='ltr'><strong>est,</strong></span> <span class='ocrx_word' id='word_1_198' title='bbox 825 2513 880 2577; x_wconf 91' lang='lat' dir='ltr'><strong>sed</strong></span> <span class='ocrx_word' id='word_1_199' title='bbox 904 2521 954 2576; x_wconf 89' lang='lat' dir='ltr'><strong>tua</strong></span> <span class='ocrx_word' id='word_1_200' title='bbox 1040 2589 1041 2596; x_wconf 8' lang='grc' dir='ltr'>ἵ</span> 
     </span>
     <span class='ocr_line' id='line_1_28' title="bbox 45 2595 963 2677; baseline 0.005 -28"><span class='ocrx_word' id='word_1_201' title='bbox 45 2595 176 2672; x_wconf 85' lang='lat' dir='ltr'><strong>sapientia</strong></span> <span class='ocrx_word' id='word_1_202' title='bbox 197 2596 231 2659; x_wconf 87' lang='lat' dir='ltr'><strong>fit</strong></span> <span class='ocrx_word' id='word_1_203' title='bbox 252 2595 486 2677; x_wconf 73' lang='lat' dir='ltr'><strong>aequissumum);</strong></span> <span class='ocrx_word' id='word_1_204' title='bbox 510 2615 578 2658; x_wconf 91' lang='lat' dir='ltr'><strong>nam</strong></span> <span class='ocrx_word' id='word_1_205' title='bbox 601 2595 704 2658; x_wconf 88' lang='lat' dir='ltr'><strong>dicere</strong></span> <span class='ocrx_word' id='word_1_206' title='bbox 726 2597 805 2676; x_wconf 90' lang='lat' dir='ltr'><strong>apud</strong></span> <span class='ocrx_word' id='word_1_207' title='bbox 827 2617 896 2660; x_wconf 91' lang='lat' dir='ltr'><strong>eum</strong></span> <span class='ocrx_word' id='word_1_208' title='bbox 916 2597 963 2660; x_wconf 89' lang='lat' dir='ltr'><strong>de.</strong></span> 
     </span>
     <span class='ocr_line' id='line_1_29' title="bbox 43 2671 955 2760; baseline 0.011 -28"><span class='ocrx_word' id='word_1_209' title='bbox 43 2671 176 2760; x_wconf 84' lang='lat' dir='ltr'><strong>incinere,</strong></span> <span class='ocrx_word' id='word_1_210' title='bbox 199 2686 305 2742; x_wconf 89' lang='lat' dir='ltr'><strong>contra</strong></span> <span class='ocrx_word' id='word_1_211' title='bbox 319 2681 405 2742; x_wconf 91' lang='lat' dir='ltr'><strong>cuius</strong></span> <span class='ocrx_word' id='word_1_212' title='bbox 415 2681 504 2742; x_wconf 88' lang='lat' dir='ltr'><strong>vitam</strong></span> <span class='ocrx_word' id='word_1_213' title='bbox 517 2679 675 2742; x_wconf 87' lang='lat' dir='ltr'><strong>considium</strong></span> <span class='ocrx_word' id='word_1_214' title='bbox 693 2680 837 2744; x_wconf 86' lang='lat' dir='ltr'><strong>facinoris</strong></span> <span class='ocrx_word' id='word_1_215' title='bbox 860 2683 955 2746; x_wconf 85' lang='lat' dir='ltr'><strong>inisse</strong></span> 
     </span>
     <span class='ocr_line' id='line_1_30' title="bbox 45 2763 954 2847; baseline 0.002 -23"><span class='ocrx_word' id='word_1_216' title='bbox 45 2775 179 2843; x_wconf 76' lang='lat' dir='ltr'><strong>arguare,</strong></span> <span class='ocrx_word' id='word_1_217' title='bbox 223 2764 328 2844; x_wconf 88' lang='lat' dir='ltr'><strong>siper</strong></span> <span class='ocrx_word' id='word_1_218' title='bbox 356 2782 391 2826; x_wconf 91' lang='lat' dir='ltr'><strong>se</strong></span> <span class='ocrx_word' id='word_1_219' title='bbox 417 2763 514 2844; x_wconf 83' lang='lat' dir='ltr'><strong>ipsum</strong></span> <span class='ocrx_word' id='word_1_220' title='bbox 535 2764 735 2841; x_wconf 81' lang='lat' dir='ltr'><strong>consideres,</strong></span> <span class='ocrx_word' id='word_1_221' title='bbox 774 2783 869 2847; x_wconf 82' lang='lat' dir='ltr'><strong>grave</strong></span> <span class='ocrx_word' id='word_1_222' title='bbox 892 2771 954 2839; x_wconf 83' lang='lat' dir='ltr'><strong>est;</strong></span> 
     </span>
     <span class='ocr_line' id='line_1_31' title="bbox 44 2847 956 2928; baseline 0.01 -27"><span class='ocrx_word' id='word_1_223' title='bbox 44 2858 120 2905; x_wconf 90' lang='lat' dir='ltr'><strong>nemo</strong></span> <span class='ocrx_word' id='word_1_224' title='bbox 142 2849 222 2910; x_wconf 90' lang='lat' dir='ltr'><strong>enim</strong></span> <span class='ocrx_word' id='word_1_225' title='bbox 245 2847 310 2909; x_wconf 86' lang='lat' dir='ltr'><strong>sere</strong></span> <span class='ocrx_word' id='word_1_226' title='bbox 331 2852 395 2925; x_wconf 92' lang='lat' dir='ltr'><strong>est,</strong></span> <span class='ocrx_word' id='word_1_227' title='bbox 427 2847 500 2927; x_wconf 86' lang='lat' dir='ltr'><strong>qui,</strong></span> <span class='ocrx_word' id='word_1_228' title='bbox 529 2849 576 2910; x_wconf 90' lang='lat' dir='ltr'><strong>sui</strong></span> <span class='ocrx_word' id='word_1_229' title='bbox 598 2849 726 2928; x_wconf 88' lang='lat' dir='ltr'><strong>periculi</strong></span> <span class='ocrx_word' id='word_1_230' title='bbox 749 2849 860 2924; x_wconf 88' lang='lat' dir='ltr'><strong>iudex,</strong></span> <span class='ocrx_word' id='word_1_231' title='bbox 891 2866 956 2912; x_wconf 92' lang='lat' dir='ltr'><strong>non</strong></span> 
     </span>
    </p>

    <p class='ocr_par' dir='ltr' id='par_1_6' title="bbox 43 2925 956 3096">
     <span class='ocr_line' id='line_1_32' title="bbox 43 2925 955 3012; baseline 0.012 -29"><span class='ocrx_word' id='word_1_232' title='bbox 43 2925 91 2988; x_wconf 91' lang='lat' dir='ltr'><strong>sibi</strong></span> <span class='ocrx_word' id='word_1_233' title='bbox 115 2947 148 2992; x_wconf 88' lang='lat' dir='ltr'><strong>se</strong></span> <span class='ocrx_word' id='word_1_234' title='bbox 168 2935 334 3012; x_wconf 75' lang='lat' dir='ltr'><strong>aequiorem</strong></span> <span class='ocrx_word' id='word_1_235' title='bbox 355 2949 444 3012; x_wconf 89' lang='lat' dir='ltr'><strong>quarn</strong></span> <span class='ocrx_word' id='word_1_236' title='bbox 466 2948 522 2992; x_wconf 89' lang='lat' dir='ltr'><strong>reo</strong></span> <span class='ocrx_word' id='word_1_237' title='bbox 543 2932 685 3012; x_wconf 80' lang='lat' dir='ltr'><strong>praebeat.</strong></span> <span class='ocrx_word' id='word_1_238' title='bbox 717 2931 777 2995; x_wconf 91' lang='lat' dir='ltr'><strong>Sed</strong></span> <span class='ocrx_word' id='word_1_239' title='bbox 802 2938 862 3008; x_wconf 85' lang='lat' dir='ltr'><strong>tua,</strong></span> <span class='ocrx_word' id='word_1_240' title='bbox 884 2931 955 2994; x_wconf 79' lang='lat' dir='ltr'><strong>cn-</strong></span> 
     </span>
     <span class='ocr_line' id='line_1_33' title="bbox 43 3012 956 3096; baseline 0.011 -28"><span class='ocrx_word' id='word_1_241' title='bbox 43 3012 123 3089; x_wconf 81' lang='lat' dir='ltr'><strong>sar⁶,</strong></span> <span class='ocrx_word' id='word_1_242' title='bbox 144 3021 289 3094; x_wconf 86' lang='lat' dir='ltr'><strong>praestans</strong></span> <span class='ocrx_word' id='word_1_243' title='bbox 313 3014 538 3096; x_wconf 82' lang='lat' dir='ltr'><strong>singularisque</strong></span> <span class='ocrx_word' id='word_1_244' title='bbox 560 3021 666 3078; x_wconf 87' lang='lat' dir='ltr'><strong>natura</strong></span> <span class='ocrx_word' id='word_1_245' title='bbox 690 3015 771 3078; x_wconf 92' lang='lat' dir='ltr'><strong>bunc</strong></span> <span class='ocrx_word' id='word_1_246' title='bbox 792 3016 865 3078; x_wconf 92' lang='lat' dir='ltr'><strong>mibi</strong></span> <span class='ocrx_word' id='word_1_247' title='bbox 886 3034 956 3078; x_wconf 84' lang='lat' dir='ltr'><strong>me-</strong></span> 
     </span>
    </p>

    <p class='ocr_par' dir='ltr' id='par_1_7' title="bbox 44 3094 956 3180">
     <span class='ocr_line' id='line_1_34' title="bbox 44 3094 956 3180; baseline 0.005 -25"><span class='ocrx_word' id='word_1_248' title='bbox 44 3094 95 3155; x_wconf 85' lang='lat' dir='ltr'><strong>tum</strong></span> <span class='ocrx_word' id='word_1_249' title='bbox 114 3099 227 3160; x_wconf 85' lang='lat' dir='ltr'><strong>minuit.</strong></span> <span class='ocrx_word' id='word_1_250' title='bbox 268 3095 337 3159; x_wconf 90' lang='lat' dir='ltr'><strong>Non</strong></span> <span class='ocrx_word' id='word_1_251' title='bbox 360 3099 439 3160; x_wconf 92' lang='lat' dir='ltr'><strong>enim</strong></span> <span class='ocrx_word' id='word_1_252' title='bbox 462 3104 520 3160; x_wconf 90' lang='lat' dir='ltr'><strong>tam</strong></span> <span class='ocrx_word' id='word_1_253' title='bbox 543 3098 645 3174; x_wconf 90' lang='lat' dir='ltr'><strong>timeo,</strong></span> <span class='ocrx_word' id='word_1_254' title='bbox 667 3097 738 3179; x_wconf 89' lang='lat' dir='ltr'><strong>quid</strong></span> <span class='ocrx_word' id='word_1_255' title='bbox 763 3104 795 3160; x_wconf 89' lang='lat' dir='ltr'><strong>tu</strong></span> <span class='ocrx_word' id='word_1_256' title='bbox 817 3100 856 3162; x_wconf 90' lang='lat' dir='ltr'><strong>de</strong></span> <span class='ocrx_word' id='word_1_257' title='bbox 879 3099 956 3180; x_wconf 80' lang='lat' dir='ltr'><strong>rege</strong></span> 
     </span>
    </p>
   </div>
   <div class='ocr_carea' id='block_1_3' title="bbox 43 3172 955 3328">
    <p class='ocr_par' dir='ltr' id='par_1_8' title="bbox 43 3172 955 3328">
     <span class='ocr_line' id='line_1_35' title="bbox 43 3172 955 3328; baseline 0.01 -96"><span class='ocrx_word' id='word_1_258' title='bbox 43 3172 195 3260; x_wconf 84' lang='lat' dir='ltr'><strong>Deiotaro,</strong></span> <span class='ocrx_word' id='word_1_259' title='bbox 216 3199 314 3328; x_wconf 56' lang='lat' dir='ltr'><strong>dquam</strong></span> <span class='ocrx_word' id='word_1_260' title='bbox 338 3180 495 3263; x_wconf 84' lang='lat' dir='ltr'><strong>intelligo,</strong></span> <span class='ocrx_word' id='word_1_261' title='bbox 525 3181 597 3262; x_wconf 85' lang='lat' dir='ltr'><strong>quid</strong></span> <span class='ocrx_word' id='word_1_262' title='bbox 622 3182 660 3244; x_wconf 90' lang='lat' dir='ltr'><strong>de</strong></span> <span class='ocrx_word' id='word_1_263' title='bbox 682 3189 712 3244; x_wconf 89' lang='lat' dir='ltr'><strong>te</strong></span> <span class='ocrx_word' id='word_1_264' title='bbox 736 3189 856 3246; x_wconf 86' lang='lat' dir='ltr'><strong>ceteros</strong></span> <span class='ocrx_word' id='word_1_265' title='bbox 877 3183 955 3244; x_wconf 87' lang='lat' dir='ltr'><strong>velis</strong></span> 
     </span>
    </p>
   </div>
   <div class='ocr_carea' id='block_1_4' title="bbox 43 3256 1048 3920">
    <p class='ocr_par' dir='ltr' id='par_1_9' title="bbox 43 3256 1048 3861">
     <span class='ocr_line' id='line_1_36' title="bbox 44 3256 984 3346; baseline 0.012 -29"><span class='ocrx_word' id='word_1_266' title='bbox 44 3256 175 3326; x_wconf 89' lang='lat' dir='ltr'><strong>iudicare.</strong></span> <span class='ocrx_word' id='word_1_267' title='bbox 248 3282 343 3326; x_wconf 91' lang='lat' dir='ltr'><strong>oveor</strong></span> <span class='ocrx_word' id='word_1_268' title='bbox 367 3266 457 3328; x_wconf 91' lang='lat' dir='ltr'><strong>etiam</strong></span> <span class='ocrx_word' id='word_1_269' title='bbox 478 3264 539 3326; x_wconf 90' lang='lat' dir='ltr'><strong>loci</strong></span> <span class='ocrx_word' id='word_1_270' title='bbox 562 3266 658 3346; x_wconf 89' lang='lat' dir='ltr'><strong>ipsius</strong></span> <span class='ocrx_word' id='word_1_271' title='bbox 680 3266 852 3342; x_wconf 90' lang='lat' dir='ltr'><strong>insolentia,</strong></span> <span class='ocrx_word' id='word_1_272' title='bbox 874 3263 984 3346; x_wconf 74' lang='lat' dir='ltr'><strong>qundo</strong></span> 
     </span>
     <span class='ocr_line' id='line_1_37' title="bbox 45 3346 1011 3431; baseline 0.009 -31"><span class='ocrx_word' id='word_1_273' title='bbox 45 3346 146 3418; x_wconf 83' lang='lat' dir='ltr'><strong>tantam</strong></span> <span class='ocrx_word' id='word_1_274' title='bbox 169 3365 311 3425; x_wconf 90' lang='lat' dir='ltr'><strong>oausam,</strong></span> <span class='ocrx_word' id='word_1_275' title='bbox 343 3355 453 3429; x_wconf 92' lang='lat' dir='ltr'><strong>quanta</strong></span> <span class='ocrx_word' id='word_1_276' title='bbox 474 3348 556 3411; x_wconf 91' lang='lat' dir='ltr'><strong>nulla</strong></span> <span class='ocrx_word' id='word_1_277' title='bbox 577 3367 716 3431; x_wconf 90' lang='lat' dir='ltr'><strong>umquam</strong></span> <span class='ocrx_word' id='word_1_278' title='bbox 739 3351 771 3412; x_wconf 91' lang='lat' dir='ltr'><strong>in</strong></span> <span class='ocrx_word' id='word_1_279' title='bbox 801 3349 957 3429; x_wconf 88' lang='lat' dir='ltr'><strong>discepta-</strong></span> <span class='ocrx_word' id='word_1_280' title='bbox 1009 3387 1011 3397; x_wconf 39' lang='grc' dir='ltr'>ι</span> 
     </span>
     <span class='ocr_line' id='line_1_38' title="bbox 43 3424 957 3513; baseline 0.013 -31"><span class='ocrx_word' id='word_1_281' title='bbox 43 3424 117 3490; x_wconf 92' lang='lat' dir='ltr'><strong>tione</strong></span> <span class='ocrx_word' id='word_1_282' title='bbox 144 3439 263 3496; x_wconf 80' lang='lat' dir='ltr'><strong>versata</strong></span> <span class='ocrx_word' id='word_1_283' title='bbox 293 3435 355 3509; x_wconf 90' lang='lat' dir='ltr'><strong>est,</strong></span> <span class='ocrx_word' id='word_1_284' title='bbox 396 3433 464 3494; x_wconf 91' lang='lat' dir='ltr'><strong>dieo</strong></span> <span class='ocrx_word' id='word_1_285' title='bbox 498 3433 575 3494; x_wconf 88' lang='lat' dir='ltr'><strong>intra</strong></span> <span class='ocrx_word' id='word_1_286' title='bbox 607 3432 789 3496; x_wconf 90' lang='lat' dir='ltr'><strong>domesticos</strong></span> <span class='ocrx_word' id='word_1_287' title='bbox 813 3432 957 3513; x_wconf 85' lang='lat' dir='ltr'><strong>parietes,</strong></span> 
     </span>
     <span class='ocr_line' id='line_1_39' title="bbox 44 3506 1048 3597; baseline 0.01 -30"><span class='ocrx_word' id='word_1_288' title='bbox 44 3506 104 3574; x_wconf 89' lang='lat' dir='ltr'><strong>dico</strong></span> <span class='ocrx_word' id='word_1_289' title='bbox 134 3521 218 3578; x_wconf 85' lang='lat' dir='ltr'><strong>extra</strong></span> <span class='ocrx_word' id='word_1_290' title='bbox 240 3521 422 3578; x_wconf 85' lang='lat' dir='ltr'><strong>conventum</strong></span> <span class='ocrx_word' id='word_1_291' title='bbox 452 3522 569 3580; x_wconf 81' lang='lat' dir='ltr'><strong>etcum</strong></span> <span class='ocrx_word' id='word_1_292' title='bbox 591 3516 810 3597; x_wconf 77' lang='lat' dir='ltr'><strong>frequentiam,</strong></span> <span class='ocrx_word' id='word_1_293' title='bbox 842 3516 958 3594; x_wconf 84' lang='lat' dir='ltr'><strong>inqua</strong></span> <span class='ocrx_word' id='word_1_294' title='bbox 1044 3533 1048 3556; x_wconf 56' lang='lat' dir='ltr'><strong>t</strong></span> 
     </span>
     <span class='ocr_line' id='line_1_40' title="bbox 44 3599 956 3677; baseline 0.01 -27"><span class='ocrx_word' id='word_1_295' title='bbox 44 3601 187 3660; x_wconf 88' lang='lat' dir='ltr'><strong>oratorum</strong></span> <span class='ocrx_word' id='word_1_296' title='bbox 212 3599 310 3664; x_wconf 90' lang='lat' dir='ltr'><strong>studia</strong></span> <span class='ocrx_word' id='word_1_297' title='bbox 332 3599 387 3663; x_wconf 89' lang='lat' dir='ltr'><strong>niti</strong></span> <span class='ocrx_word' id='word_1_298' title='bbox 407 3599 526 3677; x_wconf 83' lang='lat' dir='ltr'><strong>solent3</strong></span> <span class='ocrx_word' id='word_1_299' title='bbox 558 3600 590 3662; x_wconf 93' lang='lat' dir='ltr'><strong>in</strong></span> <span class='ocrx_word' id='word_1_300' title='bbox 619 3601 678 3664; x_wconf 91' lang='lat' dir='ltr'><strong>tuis</strong></span> <span class='ocrx_word' id='word_1_301' title='bbox 698 3599 814 3676; x_wconf 91' lang='lat' dir='ltr'><strong>oculis,</strong></span> <span class='ocrx_word' id='word_1_302' title='bbox 847 3601 956 3660; x_wconf 91' lang='lat' dir='ltr'><strong>intuo</strong></span> 
     </span>
     <span class='ocr_line' id='line_1_41' title="bbox 47 3715 265 3741; baseline 0 0"><span class='ocrx_word' id='word_1_303' title='bbox 47 3715 265 3741; x_wconf 40' lang='grc' dir='ltr'>..ᾖ-ιιι...-</span> 
     </span>
     <span class='ocr_line' id='line_1_42' title="bbox 43 3785 957 3861; baseline 0.007 -21"><span class='ocrx_word' id='word_1_304' title='bbox 43 3821 45 3828; x_wconf 69' lang='lat'>=</span> <span class='ocrx_word' id='word_1_305' title='bbox 78 3785 194 3858; x_wconf 82' lang='lat' dir='ltr'><strong>¹capitir</strong></span> <span class='ocrx_word' id='word_1_306' title='bbox 211 3812 293 3849; x_wconf 90' lang='lat' dir='ltr'><strong>reum.</strong></span> <span class='ocrx_word' id='word_1_307' title='bbox 344 3796 460 3849; x_wconf 60' lang='grc' dir='ltr'><strong>Ἐμ-</strong></span> <span class='ocrx_word' id='word_1_308' title='bbox 476 3798 542 3856; x_wconf 82' lang='lat' dir='ltr'><strong>diac.</strong></span> <span class='ocrx_word' id='word_1_309' title='bbox 564 3809 623 3861; x_wconf 83' lang='lat' dir='ltr'><strong>cop.</strong></span> <span class='ocrx_word' id='word_1_310' title='bbox 669 3790 734 3845; x_wconf 71' lang='lat'><strong>⁸13.</strong></span> <span class='ocrx_word' id='word_1_311' title='bbox 754 3793 809 3846; x_wconf 80' lang='lat' dir='ltr'><strong>ndia&#39;.</strong></span> <span class='ocrx_word' id='word_1_312' title='bbox 832 3816 864 3830; x_wconf 78' lang='lat'><em>-</em></span> <span class='ocrx_word' id='word_1_313' title='bbox 886 3803 913 3846; x_wconf 82' lang='lat' dir='ltr'><strong>et</strong></span> <span class='ocrx_word' id='word_1_314' title='bbox 933 3811 957 3846; x_wconf 87' lang='lat' dir='ltr'><strong>a.</strong></span> 
     </span>
    </p>

    <p class='ocr_par' dir='ltr' id='par_1_10' title="bbox 74 3856 849 3920">
     <span class='ocr_line' id='line_1_43' title="bbox 74 3856 849 3920; baseline 0.01 -10"><span class='ocrx_word' id='word_1_315' title='bbox 74 3856 86 3888; x_wconf 88' lang='lat'>⁴</span> <span class='ocrx_word' id='word_1_316' title='bbox 105 3875 190 3915; x_wconf 84' lang='lat' dir='ltr'><strong>reram</strong></span> <span class='ocrx_word' id='word_1_317' title='bbox 209 3881 268 3920; x_wconf 86' lang='lat' dir='ltr'><strong>roe.</strong></span> <span class='ocrx_word' id='word_1_318' title='bbox 287 3867 320 3919; x_wconf 84' lang='lat' dir='ltr'><strong>ei.</strong></span> <span class='ocrx_word' id='word_1_319' title='bbox 354 3868 365 3899; x_wconf 75' lang='lat'><em>⁶</em></span> <span class='ocrx_word' id='word_1_320' title='bbox 388 3866 420 3918; x_wconf 83' lang='lat' dir='ltr'><strong>E.</strong></span> <span class='ocrx_word' id='word_1_321' title='bbox 439 3867 471 3919; x_wconf 85' lang='grc'><strong>11.</strong></span> <span class='ocrx_word' id='word_1_322' title='bbox 491 3865 547 3917; x_wconf 80' lang='lat' dir='ltr'><strong>edd.</strong></span> <span class='ocrx_word' id='word_1_323' title='bbox 565 3874 625 3917; x_wconf 76' lang='lat' dir='ltr'><strong>vett.</strong></span> <span class='ocrx_word' id='word_1_324' title='bbox 646 3890 681 3902; x_wconf 94' lang='lat'><em>-</em></span> <span class='ocrx_word' id='word_1_325' title='bbox 701 3862 730 3918; x_wconf 83' lang='lat' dir='ltr'><strong>C.</strong></span> <span class='ocrx_word' id='word_1_326' title='bbox 752 3865 849 3918; x_wconf 84' lang='lat' dir='ltr'><strong>Caesar.</strong></span> 
     </span>
    </p>
   </div>
   <div class='ocr_carea' id='block_1_5' title="bbox 0 0 1250 4316">
    <p class='ocr_par' dir='ltr' id='par_1_11' title="bbox 0 0 1250 4316">
     <span class='ocr_line' id='line_1_44' title="bbox 0 0 1250 4316; baseline 0 1"><span class='ocrx_word' id='word_1_327' title='bbox 0 0 1250 4316; x_wconf 95' lang='lat' dir='ltr'><strong> </strong></span> 
     </span>
    </p>
   </div>
  </div>
 </body>
</html>
