2490 4316
281 234 335 304 aad
481 215 579 271 ·”
626 242 862 339 oacrio·

282 436 373 566 puum
393 421 426 483 in
448 419 532 484 ltalia
553 417 646 484 Curio
667 415 728 484 non
749 416 866 484 esser
888 427 939 484 aut
962 427 1138 503 tamqnam
1157 439 1181 483 es

296 511 396 583 actus,
430 521 519 567 unam
546 506 655 568 tribum
677 507 752 568 sine‘
766 503 899 566 Curione
920 503 1002 566 ferre
1026 503 1182 586 potuisses?

120 653 124 664 ,
284 588 370 651 cuius
393 587 480 658 etiarn
501 588 665 650 familiares
681 589 719 651 de
740 589 770 650 vi
790 587 981 650 condemnati
1003 594 1089 665 sunt,
1118 587 1181 668 quod

214 664 326 735 3⁵tui
355 671 443 734 nimis
475 663 603 750 'studiosi
632 671 765 734 luissent.
814 671 853 732 At
879 671 1027 734 beneficio
1059 689 1120 734 sum
1143 675 1182 730 tuo
1224 727 1225 750 p

283 753 367 818 osu's.
414 753 507 828 Quot
552 753 735 836 Quamquam
754 747 829 816 illud
853 755 971 836 ipsum,
1006 755 1087 836 quod
1115 771 1183 816 com·
1224 771 1225 834 p

283 853 452 916 memoras,
489 851 610 919 semper
629 855 691 920 prae
711 853 759 899 me
780 836 844 899 tali.
892 837 982 900 llalui
1002 855 1053 899 me
1073 837 1123 898 tibi
1141 835 1183 897 de-
1224 869 1225 874 κ

284 917 358 992 berc
388 916 542 1000 confiteri,
578 939 665 1002 qaam
694 923 830 1002 cuiquam
860 921 959 984 minus
981 919 1184 1002 prudentiam
1224 921 1225 998 i

285 1005 358 1068 satis
389 1013 502 1088 gratas¹
522 1004 627 1066 videri.
671 1003 731 1082 Sed
752 1011 811 1085 quo
834 1001 1008 1066 beneficio?
1054 1001 1134 1076 Quod
1149 1017 1185 1062 me
1224 1057 1225 1060 ,

284 1088 435 1150 Brundisii
463 1103 524 1152 non
543 1084 725 1150 occideris?
778 1085 874 1160 Quem
905 1087 972 1168 ipse
998 1087 1112 1164 victor,
1147 1080 1185 1164 qui
1224 1079 1225 1166 l

284 1173 349 1250 tibi,
373 1177 411 1234 ut·
428 1179 489 1233 tute
511 1170 645 1252 gloriari
658 1170 789 1247 solebas,
812 1169 958 1232 detulerat
981 1187 1022 1238 ex
1042 1167 1185 1232 latronibus
1224 1169 1225 1260 l

285 1257 348 1318 sois
369 1255 586 1337 principatum,
618 1245 732 1316 saluum
755 1271 824 1315 esse
847 1253 1010 1328 uoluisset,
1042 1251 1185 1314 in'ltalian
1224 1315 1225 1324 χ

284 1339 330 1400 ire
346 1335 494 1414 iussisset,
517 1351 585 1398 eum
599 1341 632 1400 tu
646 1335 828 1398 occideres?
861 1335 1087 1417 Fac‘potuisse.
1118 1329 1185 1406 Quod
1224 1399 1225 1404 ἵ

285 1428 341 1483 est'
354 1417 444 1497 aliud,
462 1425 568 1504 patres
584 1420 757 1502 conscripta
779 1417 957 1480 beneficium
973 1417 1129 1493 latronum,
1142 1413 1186 1476 nisi

230 1550 236 1558 .
285 1507 317 1566 ut
332 1516 569 1566 commemorare
590 1501 716 1584 possint,
735 1503 823 1565 iisse
839 1500 959 1564 dedisse
975 1503 1077 1578 vitam,
1099 1499 1185 1582 quibus

257 1588 262 1619 ²
284 1602 345 1649 non
363 1585 552 1650 ademerint?
579 1585 712 1658 Quod-si
730 1584 1016 1665 ess'et'benel'rcium,
1039 1595 1186 1664 numquam,
1224 1611 1225 1620 κ

232 1729 236 1738 ,
285 1671 336 1752 qui
357 1670 440 1731 illum
461 1669 686 1743 interfecerunt,
711 1685 808 1749 aque
827 1675 913 1729 erant
929 1667 1108 1744 conservati,
1127 1677 1186 1746 quos

285 1755 319 1816 tu'
340 1754 408 1834 ips‘e
431 1751 616 1814 clarissimos
639 1752 721 1814 viros
742 1751 825 1814 soles
843 1751 1007 1832 appellare,
1029 1757 1133 1813 tantam
1146 1763 1186 1807 es-

218 1887 223 1897 .
286 1842 354 1900 sent
387 1835 516 1918 gloriam
550 1835 719 1907 consecuti:
771 1833 865 1908 Quale
899 1839 996 1896 autem
1031 1829 1186 1896 beneficium

218 1943 221 1952 ¹
286 1925 350 1998 est,
383 1917 464 1999 quod
495 1925 524 1979 te
555 1917 733 1980 abstinueris
760 1917 878 1979 nelarie
900 1917 1044 1980 scelere?
1092 1915 1147 1989 Qua
1164 1911 1186 1971 in
1224 1957 1225 1962 1

180 2015 187 2027 ’
285 2021 320 2066 re
344 2019 402 2065 non
429 2011 487 2064 tam
511 2001 670 2064 iucundum
688 1999 759 2062 milri
779 1999 875 2062 videri
898 1999 1009 2078 debuit,
1031 2017 1092 2064 non
1110 1998 1186 2060 inter-

286 2085 422 2149 fectum¹
450 2105 466 2147 a
486 2091 535 2163 te,
566 2101 652 2165 qnam
674 2086 833 2164 miserum,
854 2089 884 2145 te
908 2083 938 2146 id
960 2085 1082 2166 impune
1105 2079 1186 2143 lacera

258 2170 433 2252 cpotnisse.
481 2167 540 2232 Sed
561 2169 604 2230 sit
625 2165 818 2244 beneficium,
851 2165 1091 2248 quandoquidem
1112 2162 1186 2224 maim

288 2253 385 2332 accipi
416 2269 433 2314 a
461 2251 579 2313 latrone
608 2250 718 2312 nullum
747 2251 859 2332 potuit;
903 2252 936 2312 in
967 2267 1027 2330 quo
1052 2254 1133 2331 potes
1151 2257 1186 2336 [αθΙ
1224 2303 1225 2308 ,

288 2337 391 2399 dicere
413 2333 587 2416 ingratum?
630 2333 678 2396 An
700 2333 737 2394 de
759 2331 878 2396 interitu
902 2332 948 2395 rei
972 2332 1100 2414 publicae
1120 2341 1186 2410 quen

288 2437 348 2482 non
368 2419 483 2496 debui,
516 2435 554 2479 ne
584 2417 616 2478 in
640 2423 670 2478 te
694 2417 829 2500 ingratus
849 2415 995 2478 viderer?
1044 2416 1084 2477 At
1102 2414 1130 2475 in
1149 2409 1186 2470 illa

192 2521 198 2530 ’
289 2503 432 2586 querela,
469 2502 579 2562 misera
602 2497 720 2581 quidem
742 2505 771 2560 et
793 2499 949 2580 luctuosa,
981 2498 1036 2562 sed
1058 2496 1125 2559 mihi
1144 2505 1185 2574 pro
1224 2545 1225 2578 p

288 2585 472 2667 magrado,
497 2584 528 2646 in
551 2599 610 2664 quo
633 2601 681 2644 me
702 2589 823 2644 senatus
844 2583 1037 2664 populusque
1058 2580 1185 2643 Romarm
1224 2579 1225 2582 ’

219 2709 224 2726 t
289 2667 466 2744 collocavit,
497 2665 689 2741 necessaria,
723 2665 793 2746 quid
822 2671 867 2727 est
893 2664 1004 2728 dictum
1032 2679 1118 2726 ame
1136 2669 1186 2720 con
1224 2723 1225 2726 Ἴ

287 2749 493 2814 contumelia?
524 2750 596 2832 quid
618 2766 677 2810 non
698 2747 877 2810 moderate?
912 2748 983 2830 quid
1004 2763 1066 2809 non
1087 2735 1185 2833 amice?
1224 2763 1225 2818 j

287 2833 376 2908 Quod
395 2833 514 2914 quidem
536 2833 622 2894 cuius
644 2833 847 2913 temperantiae
868 2831 932 2907 luit,
958 2831 996 2893 de
1016 2829 1055 2893 bl.
1077 2829 1186 2891 Artemo
1224 2839 1225 2902 3

190 2902 195 2917 Χ
287 2923 460 3000 querentem
486 2917 638 2980 abstinere
659 2913 840 2976 maledicto?
875 2914 1042 2998 presertim
1065 2927 1145 2995 quum
1163 2911 1185 2964 lu

286 3001 431 3082 reliquias
453 3001 498 3062 rei
524 2999 652 3084 publicae
676 2996 901 3079 dissipatrices,
933 3011 1025 3080 quum
1048 2994 1123 3060 domi
1143 2996 1185 3050 tue

287 3083 459 3165 turpissimo
482 3089 613 3145 mercatu
636 3081 734 3150 omnia
750 3088 852 3143 essent
866 3081 994 3160 venalia,
1018 3097 1106 3162 quum
1119 3075 1186 3154 leges

273 3185 360 3246 eas,
386 3181 452 3248 que
475 3182 634 3246 numquam
657 3163 852 3248 promulgatae
874 3171 995 3242 essent,
1017 3169 1047 3226 et
1070 3162 1106 3224 de
1124 3165 1150 3219 te
1165 3155 1186 3212 el
1224 3223 1225 3232 ἒ

288 3257 355 3314 ate
379 3250 454 3312 latas
473 3247 672 3324 confiterere,
698 3265 791 3330 quum
813 3248 948 3330 auspicia
969 3263 1081 3330 augur,
1108 3243 1185 3334 inter·
1224 3233 1225 3310 l

188 3394 192 3405 ,
288 3335 456 3396 cessionem
480 3331 585 3393 consul
607 3331 792 3407 sustulisses,
813 3349 904 3412 quum
926 3347 1011 3394 esses
1033 3325 1185 3412 foedissime
1224 3359 1225 3408 ;

288 3417 414 3499 stipatos
436 3416 566 3494 armatis,
587 3431 678 3495 quum
700 3427 804 3477 omnes
822 3415 1009 3494 impuritates
1030 3402 1183 3494 impubem
1224 3415 1225 3496 p

288 3499 320 3562 ln
343 3501 431 3562 domo
452 3495 585 3583 quotidie
615 3497 804 3579 susciperes,
837 3499 908 3560 vinc
937 3497 1105 3578 lustrisque·
1124 3501 1183 3552 con·
1224 3499 1225 3588 p

260 3583 394 3645 clectus.
441 3581 480 3644 At
505 3597 575 3664 ega
596 3586 743 3662 tamquam
765 3577 837 3642 milri
859 3597 927 3656 cum
943 3579 981 3644 bl.
996 3579 1105 3642 Crasso
1124 3583 1183 3632 con-

289 3667 383 3728 tentio
405 3671 501 3744 esset,
529 3680 658 3745 quocum
676 3664 774 3726 multae
796 3670 825 3725 et
847 3679 962 3749 magne
983 3663 1116 3741 luerunt,
1138 3661 1182 3714 ποθ

290 3785 519 3797 ————-—-

330 3843 338 3872 ¹
363 3842 392 3892 F.
412 3845 578 3898 interiectum
598 3862 648 3898 me·
669 3874 671 3880 ¹
705 3844 717 3874 ²
738 3845 840 3911 pudico»
1224 3857 1225 3920 l
