2546 4310
252 187 326 292 '‘48
638 229 876 290 ORATIO
1253 145 1255 255 >

290 405 361 470 dinc
382 403 591 469 contendere?
619 423 680 488 quo
701 407 734 470 in
754 407 921 470 certamine
940 403 1062 490 perditi
1080 403 1155 468 civis
1168 409 1216 466 ent

288 506 352 552 non
373 507 408 553 sc
431 489 469 553 ad
490 506 545 552 eos
569 490 707 572 iungere,
731 493 841 572 quibus
863 491 1078 557 incolumibus
1103 496 1134 552 et
1153 489 1219 550 doni

290 572 420 657 dignitas
439 579 470 636 et
496 571 575 635 ioris
599 575 762 638 auctoritas
798 575 989 639 retineretur.
1055 573 1134 646 Quae
1159 590 1220 653 per-

288 654 369 719 fecta
405 673 494 735 esse,
537 661 568 718 ct
597 675 685 720 suurn
716 659 826 741 cuique
858 658 1010 721 honorem
1047 663 1082 719 et
1109 655 1220 738 gradm

289 740 453 818 redditum,
495 738 634 822 gaudeo,
671 741 804 820 iudices,
838 740 1110 822 uehementerque
1142 739 1222 814 iaetor,

289 840 387 904 caque
410 825 510 888 omnia
531 822 656 886 deorum
678 825 853 904 voluntate,
894 825 995 888 studio
1032 823 1149 906 populi
1170 821 1222 882 Ro-

288 907 389 985 mani,
434 907 562 970 consilio
593 911 623 970 et
646 907 792 990 imperio
826 913 855 971 et
887 908 1041 971 felicitate
1079 907 1117 969 L.
1147 903 1223 970 Solle

226 1009 279 1062 1³7
289 995 377 1073 gesta
407 1007 477 1054 esse
507 989 658 1073 intelligo.
728 990 816 1064 Quod
845 992 1101 1057 animadversum
1131 988 1223 1052 estin

289 1091 355 1152 cos,
379 1074 430 1156 qui
454 1080 558 1137 contra
584 1075 665 1137 omni
686 1076 806 1139 ratione
828 1082 1013 1160 pugnarunt,
1044 1091 1117 1138 non
1139 1071 1223 1135 debeo

287 1156 531 1240 reprehendere;
577 1157 659 1240 quod
687 1158 763 1221 viris
792 1158 941 1238 fortibus,
973 1176 1119 1240 quorum
1144 1169 1223 1237 opera

287 1241 402 1306 eximia
421 1241 454 1304 in
474 1241 566 1304 rebus
609 1241 730 1306 ercndis
753 1245 880 1322 exstitit,
902 1243 999 1307 honos
1024 1242 1158 1306 habitus
1179 1241 1224 1310 est,

286 1323 389 1388 laudo.
435 1323 509 1397 Quae
531 1329 564 1386 ut
583 1259 700 1403 {erent
724 1324 839 1389 idcirco
857 1332 1027 1410 pugnatum
1053 1343 1133 1389 esse
1151 1321 1221 1384 arii-

286 1414 371 1487 tror‚
404 1425 513 1490 ineque
543 1407 575 1471 in
606 1424 644 1470 eo
674 1408 775 1472 studio
796 1411 926 1493 partium
946 1408 1048 1472 fuisse
1073 1405 1221 1472 confiteor.

267 1492 341 1562 ¹Sin
374 1496 474 1554 autem
511 1491 542 1554 id
572 1497 669 1555 actum
702 1498 748 1555 est
779 1500 809 1556 et
839 1494 956 1558 idcirco
990 1511 1083 1556 arma
1115 1491 1220 1568 sumpta

287 1582 373 1654 sunt,
401 1583 437 1638 ut
457 1575 596 1639 homines
618 1576 764 1657 postremi
786 1577 926 1658 pecuniis
948 1576 1063 1640 alienis
1086 1571 1219 1653 locuple-

285 1665 419 1724 tarentur
451 1665 482 1722 et
511 1661 542 1722 in
570 1659 706 1723 fortunas
736 1661 975 1742 uniuscuiusque
1004 1661 1161 1742 impeturn
1179 1653 1193 1715 i
1205 1687 1220 1701 ·

187 1759 192 1768 ·
284 1749 408 1822 cerent,
432 1748 462 1805 et
484 1743 516 1806 id
537 1759 599 1806 non
620 1742 710 1806 inodo
729 1761 765 1806 re
785 1743 951 1826 prohibere
969 1761 1033 1806 non
1054 1743 1153 1818 licet,
1174 1733 1217 1800 sed

287 1845 328 1892 ne
349 1826 452 1890 verbis
473 1825 594 1907 quidem
614 1826 797 1908 uituperare,
820 1833 882 1890 tum
901 1845 976 1890 vero
997 1827 1031 1890 in
1058 1827 1124 1891 isto
1147 1819 1217 1885 bello
1255 1831 1256 1868 t

288 1927 351 1976 nou
366 1913 522 1973 recreatus
537 1927 577 1972 ne
620 1927 637 1971 c
657 1911 821 1990 restitutus,
846 1911 903 1974 sed
921 1912 1067 1975 subactus
1094 1919 1215 1991 oppres·

225 1997 280 2052 lte
289 2011 402 2077 susque
429 1993 560 2076 populus
607 2010 733 2057 omanus
767 2001 821 2056 est.
868 1993 981 2058 Verum
1009 1993 1111 2078 longe
1141 1989 1216 2052 aliter

288 2084 342 2140 est
401 2076 483 2141 Nihil
515 2074 622 2140 horum
652 2083 716 2156 est,
760 2076 887 2142 iudices.
943 2077 1012 2141 Non
1035 2077 1135 2141 modo
1163 2084 1214 2134 nuo

286 2159 412 2224 ledetur
426 2177 518 2223 causa
537 2160 717 2242 nobilitatis,
739 2163 768 2225 si
787 2163 852 2224 istis
870 2161 1042 2225 hominibus
1059 2153 1213 2226 resistetis,

174 2225 226 2300 48
285 2262 391 2308 uerum
413 2244 501 2307 etiam
523 2245 688 2307 ornabitur.
742 2245 859 2308 Etenim
883 2246 935 2327 qui
957 2244 1023 2307 haec
1047 2249 1213 2328 vitrrperart

285 2326 410 2408 volunt,
441 2325 676 2410 Chrysogonum
695 2333 808 2392 tanturn
830 2345 923 2412 posse
943 2336 1133 2410 queruntur3
1168 2335 1210 2402 (ιῑῑΙ

285 2408 411 2475 laudare
431 2411 553 2490 uolunt,
591 2429 770 2476 concessum
798 2412 828 2474 ei
848 2429 911 2476 non
937 2429 1007 2475 esse
1028 2421 1211 2476 commemo·

178 2535 180 2542 ι
284 2497 360 2558 rant.
418 2495 551 2560 Acium
579 2495 739 2574 nihilcst‚
775 2495 856 2578 quod
888 2497 956 2578 quis
999 2513 1046 2558 arn
1077 2501 1134 2559 aut
1161 2496 1209 2550 itm

284 2579 393 2644 stultus
423 2584 474 2644 out
502 2583 563 2640 tarn
590 2579 747 2659 improbus
776 2580 834 2659 sit,
870 2581 924 2661 qui
978 2580 1053 2642 icat:
1111 2573 1209 2640 Vetten

286 2663 405 2745 quidem
426 2665 530 2727 liceret
536 2681 549 2736 ;
571 2661 627 2724 icoc
648 2662 806 2725 dixissem.
849 2662 940 2725 Dicas
963 2662 1044 2725 licet.
1082 2663 1153 2726 Hoc
1164 2655 1183 2736 s
1193 2687 1208 2702 -

284 2748 405 2810 cissenn
452 2746 557 2810 Facias
586 2745 676 2822 licet;
708 2763 798 2810 nemo
819 2745 971 2830 prohibet.
1017 2746 1084 2809 Hoc
1106 2745 1206 2808 oaore-

283 2833 404 2893 otsscm.
452 2829 602 2909 Decerne,
627 2829 718 2892 modo
742 2836 846 2908 recte3
872 2845 976 2893 omnes
998 2826 1207 2912 approbabunt·
1252 2867 1253 2870 ,

285 2912 351 2978 Hoc
381 2911 575 2977 tootcasaen.
635 2911 810 2976 Laudabunt
843 2930 968 2993 ornnes,
1006 2915 1033 2978 si
1067 2919 1151 2976 recte
1182 2907 1206 2965 ei

222 2996 393 3064 lotordine
421 2996 575 3061 iudicaris.
621 2995 699 3059 Dum
728 3014 857 3060 necesse
883 3003 965 3075 erat,
1006 3014 1120 3078 resque
1148 2994 1205 3074 ipsa

285 3079 432 3164 cogebat,
452 3097 531 3144 unus
553 3080 654 3142 omnia
674 3086 793 3163 poterat
800 3100 810 3157 ;
856 3082 908 3163 qui
931 3088 1130 3163 posteaquam
1147 3091 1205 3139 nra-

283 3166 428 3248 gistratus
466 3164 581 3229 creauit
615 3163 763 3247 legesque
797 3165 971 3252 constituit,
1013 3183 1070 3227 sua
1104 3162 1203 3241 cuitue

284 3247 457 3330 procuratio
482 3248 704 3328 auctoritasque
727 3253 774 3310 est
795 3249 943 3310 restituta.
991 3248 1087 3322 Quam
1109 3249 1136 3310 si
1155 3259 1202 3305 rc-

283 3333 381 3396 tinere
413 3330 519 3394 volunt
548 3331 588 3410 ii,
624 3332 676 3413 qui
707 3338 944 3414 recuperarunt,
979 3332 1010 3396 in
1035 3338 1201 3414 perpetuen

154 3435 170 3474 ·,
283 3422 426 3498 poterunt
449 3416 604 3492 obtincrc;
640 3415 688 3477 sin
710 3414 765 3478 has
788 3414 886 3478 caedes
906 3422 936 3478 ct
957 3416 1079 3496 rapinas
1102 3421 1131 3476 et
1153 3411 1200 3473 hos

282 3504 382 3562 tantos
411 3505 532 3581 tamque
554 3498 699 3580 profusos
720 3506 856 3580 sumptus
879 3505 929 3562 aut
946 3499 1059 3562 facient
1080 3503 1129 3562 aut
1151 3511 1198 3588 ap-

282 3583 470 3664 probabunt,
492 3582 566 3646 nolo
590 3583 621 3644 in
644 3599 698 3646 cos
720 3585 844 3667 greum
866 3583 1045 3666 quidquam,
1069 3600 1109 3645 ne
1130 3594 1197 3667 on17

284 3666 332 3727 nis
353 3666 472 3746 quidem
491 3683 593 3744 causa,
615 3666 735 3743 diccrc3
754 3685 844 3729 unum
856 3667 915 3730 hoc
929 3667 1016 3730 dico:
1038 3665 1139 3730 Nostri
1156 3661 1197 3724 isit

283 3746 422 3826 nobiles,
456 3749 517 3812 nisi
543 3748 703 3830 vigilantes
726 3756 757 3812 et
779 3749 851 3812 honi
872 3756 902 3812 et
918 3750 1013 3813 sortes
1035 3755 1065 3812 ct
1087 3741 1194 3810 miseri·
1249 3783 1250 3826 3

285 3826 397 3892 cordos
422 3838 529 3907 erunt,
560 3831 817 3910 inhominius,
852 3833 883 3896 in
906 3833 1015 3915 quibus
1037 3831 1099 3895 haec
1121 3828 1193 3893 crunt
