2468 4318
265 244 353 302 PRO
381 240 505 300 LEGE
531 241 743 300 nnutttn.
832 267 838 286 ·
930 247 965 296 6³

29 426 122 504 gunt,
153 435 223 482 non
245 417 312 481 sine
333 433 426 480 causa
447 415 578 479 maiores
599 423 773 496 mustum,
796 436 886 500 quum
909 412 968 481 bac

29 503 239 586 temperantia
257 502 452 584 magistratus
476 501 676 578 habebamus,
715 503 831 566 servire
853 501 967 584 populo

28 589 168 652 Romano
202 603 295 668 quam
321 586 472 666 imperare
499 584 569 647 aliis
596 583 748 648 maluisse.
801 585 862 647 lam
891 603 966 649 vero
1062 590 1069 613 '

29 674 68 736 ita
87 670 203 734 faciles
229 669 325 732 aditus
343 668 381 730 ad
401 685 470 730 eum
491 669 686 749 privaturum,
709 670 749 731 ita
763 669 867 732 liberae
888 687 968 751 que-

29 756 170 817 rimoniae
203 753 246 816 de
276 752 403 815 aliorum
426 752 545 814 iniuriis
574 769 645 813 esse
675 752 833 829 dicuntur,
868 759 901 815 ut
929 754 968 830 is,

31 839 80 919 qui
112 838 270 921 dignitate
297 835 485 917 principibus
513 835 652 912 excellit,
686 834 829 898 facilitate
858 835 967 900 intimis

30 923 108 1003 par¹
139 939 216 983 esse
243 919 388 983 videatur.
436 918 498 982 lam
519 924 662 999 quantum
685 918 836 996 consilto,
868 931 1015 1004 quan-tn

32 1012 92 1068 tum
115 1003 245 1067 meandi
269 1003 416 1085 gravitate
439 1009 471 1064 et
494 1003 582 1083 copia
604 1001 725 1080 valeat,
761 1001 792 1064 in
815 1021 876 1085 quo
897 1005 966 1084 ipso

31 1090 109 1150 inest
134 1087 279 1170 quaedam
310 1084 441 1169 dignitas
468 1085 680 1167 imperatoria,
711 1103 787 1162 vos,
823 1085 968 1163 Quirites,

31 1171 89 1235 boo
110 1174 184 1254 ipso
210 1171 271 1232 en²
294 1169 363 1231 loco
386 1185 467 1250 saepe
486 1170 652 1250 cognostis.
696 1169 796 1232 Fidem
813 1171 967 1232 veracius
1039 1245 1042 1256 Ι

33 1264 175 1334 quantam
198 1255 283 1317 inter
303 1251 432 1316 εοοῐοε3
461 1253 627 1314 existimari
648 1253 774 1334 putatis,
797 1273 885 1336 quam
907 1253 968 1315 bo-

33 1345 94 1400 stes
124 1355 240 1401 omncs
268 1337 400 1398 omnium
431 1336 605 1418 generum4
635 1337 854 1400 sanctissimam
885 1337 968 1399 iudi-

34 1422 154 1484 carint?
205 1420 399 1482 Humanitate
423 1420 482 1482 iarn
503 1425 585 1481 tanta
609 1426 726 1497 est,ut
747 1419 869 1483 diliicile
888 1422 969 1484 dictu

35 1506 81 1583 sit,
103 1511 209 1568 unum
233 1503 338 1567 bostes
359 1503 457 1585 magis
479 1503 620 1565 virtutem
643 1504 709 1566 eius
733 1512 903 1586 pugnantes
926 1505 968 1565 ti-

35 1591 183 1666 muerint,
230 1605 269 1650 an
304 1583 563 1650 mansuetudinem
597 1586 668 1647 victi
702 1586 872 1649 dilexerint.
932 1586 969 1648 Et

36 1673 196 1754 quisquam
231 1670 397 1747 dubitabit,
429 1670 502 1749 quin
532 1669 604 1730 huic
633 1669 691 1731 hoc
720 1675 832 1732 tantum
855 1669 968 1731 bellum

36 1754 298 1829 transmittendum
324 1753 379 1828 sit,
413 1753 465 1833 qui
490 1751 652 1814 adomnia
678 1758 790 1815 nostrae
815 1753 968 1814 memorie
1022 1776 1024 1784 ¹

38 1835 113 1983 begin
137 1837 332 1903 conticienda
357 1836 460 1900 divino
486 1835 616 1918 quodam
640 1835 769 1900 consilio
791 1843 877 1900 natus
899 1853 969 1899 esse
1010 1861 1012 1868 v

38 1922 65 1982 ui
86 1923 200 1985 eatur?
781 1934 784 1944 ¹
841 1929 843 1938 '

125 2005 163 2068 Et
185 2003 332 2088 quoniam
355 2002 516 2064 auctoritas
534 2019 656 2085 quoque
677 2003 708 2066 in
729 2001 818 2065 bellis
838 2003 968 2065 admini-
980 2018 1014 2069 ea
1035 1997 1081 2068 15

40 2089 166 2152 strandis
197 2087 352 2166 multum⁶
391 2092 482 2166 atque
510 2087 540 2152 in
570 2087 699 2168 imperio
728 2087 847 2149 militari
879 2085 969 2162 valet,

42 2176 120 2232 certe
144 2173 264 2235 nemini
287 2168 408 2232 dubium
433 2174 496 2249 est,
518 2170 590 2250 quin
615 2189 657 2232 ea·
672 2188 708 2231 re
731 2171 811 2234 idem
833 2171 885 2233 ille
909 2171 970 2232 im·
1022 2213 1024 2223 ,

42 2260 162 2332 perator
186 2256 352 2338 plurimum
375 2252 478 2332 possit.
526 2251 728 2316 Vehementer
754 2261 852 2316 autem
871 2253 971 2336 perti-

43 2353 113 2399 nere
135 2339 174 2402 ad
196 2339 281 2404 bella
304 2335 550 2412 administranda,
573 2337 644 2416 quid
665 2335 779 2415 hostes,
804 2337 874 2420 quid
895 2337 972 2401 socii
1007 2391 1009 2398 ,

46 2417 80 2478 dc
112 2421 350 2504 imperatoribus
376 2420 488 2481 nostris
521 2420 709 2497 existiment,
742 2424 809 2502 quis
840 2423 972 2504 ignorat,

48 2519 133 2580 quum
155 2508 301 2582 sciamus,
324 2502 464 2564 homines
486 2501 517 2563 in
539 2504 628 2565 tantis
648 2503 751 2581 rebus,
772 2511 805 2566 ut
826 2511 878 2566 aut
893 2521 972 2565 con-

49 2588 177 2652 temnant
201 2596 255 2652 aut
278 2593 413 2649 metuant
430 2591 480 2647 aut
495 2585 614 2648 oderint
630 2591 680 2649 aut
695 2595 803 2666 ament,
828 2587 986 2669 opinione¹

48 2683 104 2730 non
132 2675 235 2735 minus
269 2678 299 2733 et
327 2668 408 2732 fama
440 2687 535 2750 quam.
568 2670 668 2750 aliqua
705 2671 824 2733 ratione
862 2673 969 2734 certa⁶

50 2755 256 2820 commoveri?
301 2753 390 2828 Quod
421 2753 513 2834 igitur
535 2769 646 2816 nomen
666 2755 806 2835 umquam
839 2756 871 2817 in
898 2755 973 2817 orbe

50 2839 194 2901 terrarum
217 2838 328 2902 clarius
347 2834 429 2900 luit?
470 2837 556 2899 cuius
585 2855 636 2899 res
658 2845 752 2922 geste
774 2837 892 2921 pares?
936 2840 975 2902 de

52 2933 108 2994 quo
128 2921 254 2985 bomine
275 2939 342 2998 vos,
364 2919 394 2981 id
416 2919 498 3000 quod
520 2921 649 2982 maxime
666 2920 736 2983 facit
756 2921 974 3003 auctoritatem,

53 3001 128 3064 tanta
156 3011 187 3068 et
219 3013 280 3068 tam
309 3003 456 3090 praeclara
488 3003 598 3066 iudicia
630 3003 770 3066 lecistis?
817 3005 866 3069 An
898 3024 1020 3075 verost

53 3081 138 3147 ullam
160 3107 289 3172 usquam
312 3105 382 3150 esse
404 3103 488 3148 oram
509 3094 569 3148 tam
592 3086 741 3150 desertam
762 3090 883 3171 putatis,
913 3107 974 3171 quo

55 3177 110 3229 non
140 3171 223 3236 illius
252 3173 314 3235 diei
342 3170 423 3233 lama
455 3171 641 3252 pervaserit,
685 3189 777 3253 quum
814 3175 976 3237 universus
1063 3235 1069 3248 ,

55 3252 179 3329 populus
203 3257 374 3333 Romanus,
408 3253 523 3316 referto
546 3252 615 3316 foro
636 3255 882 3338 completisque⁷
905 3273 976 3317 om-

60 3331 140 3397 nibus
163 3341 304 3421 templis,
335 3356 374 3400 ex
397 3338 505 3419 quibus
526 3337 580 3399 bic
599 3337 684 3401 locus
710 3341 845 3422 conspici
866 3345 977 3421 potest,

58 3425 142 3480 unum
177 3423 236 3487 sibi
270 3421 308 3486 ad
342 3437 501 3484 commune
531 3422 664 3484 omnium
697 3425 832 3506 gentium
863 3422 977 3485 bellum

61 3545 280 3576 κ·-

92 3628 152 3711 JE.
170 3637 202 3690 H.
222 3639 278 3692 edd.
295 3648 355 3691 cett.
375 3663 410 3677 ·-
429 3655 477 3706 par
492 3640 539 3692 inl.
575 3642 640 3694 ’m
663 3641 715 3694 cot.
732 3668 767 3679 -
785 3644 820 3693 in.
860 3641 925 3693 ¹E.
945 3667 978 3678 -

92 3710 154 3755 mter
171 3724 227 3761 soc.
247 3719 379 3778 quantam.
418 3707 542 3764 ‘hostes
560 3716 676 3765 omnium
697 3713 821 3780 gentium.
861 3712 873 3744 θ
895 3713 927 3764 Ε.
944 3737 980 3750 -

94 3780 226 3832 auctoritas
245 3780 354 3832 multum
372 3782 390 3831 i.
401 3779 464 3836 hell.
477 3797 522 3848 qu.
535 3783 605 3836 adm.
643 3783 657 3814 ⁸
675 3782 707 3834 E.
727 3807 760 3820 -·
779 3791 852 3836 certa
868 3785 979 3838 ratione.
1062 3815 1064 3820 -

96 3837 107 3866 ²
126 3842 154 3892 E·
172 3848 204 3901 ll.
219 3876 254 3889 -
273 3849 444 3918 repletisque.
892 3843 895 3862 ¹
