2468 4318
270 231 307 280 m
585 221 887 306 enarrer

271 396 341 468 sic¹
376 395 533 480 loquutur:
578 395 617 460 ll.
638 396 738 477 lulli,
770 397 843 482 quid
868 397 963 482 ogis?
1005 395 1092 460 iuno
1115 413 1184 472 eun,

267 511 270 518 ·
315 501 363 546 ern
391 499 461 546 esse
491 481 608 544 hostem
637 483 829 566 comperisti,
864 500 954 564 quom
987 481 1095 544 ducem
1122 479 1185 542 belli

270 501 404 642 murum
427 565 528 643 vides,
549 584 639 646 quem
662 567 832 648 exspectari
853 567 1066 647 imperatorem
1091 565 1121 626 in
1139 582 1185 624 ca-

270 651 340 717 stris
363 649 630 729 instrumentis,
663 657 816 712 auctorem
844 649 991 727 sceleris,
1013 649 1186 732 ,principem

270 733 506 810 coniurationis,
539 741 733 798 evocatorem
757 751 915 798 servorum
934 739 965 794 et
986 733 1100 794 civium
1120 748 1186 811 per-

271 817 424 893 ditorum,
458 817 544 880 exire
564 818 701 898 patiere,
735 823 769 878 ut
792 817 845 880 abs
871 823 902 878 te
923 834 986 880 non
1007 817 1136 878 emissus
1156 829 1187 874 eu

270 901 358 977 urbe,
391 897 447 964 sed
470 901 620 964 immissus
644 902 676 962 in
697 901 803 963 urbem
825 918 896 962 esse
920 899 1085 963 videatur?
1128 895 1187 958 Nou

157 1040 160 1046 .
198 995 204 1006 “
272 983 353 1050 hune
374 984 406 1049 in
427 984 547 1048 vincula
578 984 666 1061 duci,
701 1000 763 1048 uon
793 984 830 1047 ad
858 990 985 1047 mortem
1015 983 1105 1064 rapi,
1137 996 1187 1042 nou

227 1080 390 1141 adsumme
412 1085 468 1149 sup
492 1067 563 1132 licio
582 1069 704 1132 mactari
724 1067 913 1150 imperabis?
936 1066 1016 1140 Quid
1036 1065 1188 1128 tundente

273 1149 449 1234 impediti²
469 1087 585 1216 ilosne·
600 1150 773 1215 maiorum?
796 1151 836 1214 At
859 1167 998 1234 persepe
1021 1151 1114 1216 etiam
1133 1145 1188 1228 pri-

170 1229 173 1254 ‘
204 1287 206 1294 .
241 1273 243 1282 =
273 1236 334 1298 vati
356 1235 388 1296 iu
411 1234 469 1299 hac
489 1252 525 1296 re
545 1235 665 1316 publica
687 1234 878 1317 perniciosos
896 1236 983 1316 cives
1005 1240 1106 1295 morte
1123 1229 1189 1292 mul-

218 1369 226 1380 .
255 1323 384 1384 terunt.
429 1317 478 1382 An
496 1317 594 1400 leges,
616 1335 683 1401 quae
705 1319 743 1382 de
765 1319 875 1382 civium
897 1317 1105 1382 Romanorum
1126 1331 1189 1392 sup-

150 1394 154 1410 '
275 1401 370 1486 plicio
392 1407 507 1485 rogate
530 1401 625 1466 sunt?
668 1401 709 1466 m
739 1419 900 1483 numquam
929 1402 961 1463 in
985 1399 1043 1463 bac
1071 1398 1147 1464 urbe
1164 1395 1189 1470 ii,

276 1487 330 1634 pui
354 1503 372 1550 a
393 1501 428 1548 re
452 1485 573 1568 publica
593 1484 779 1563 deiecerunt,
806 1487 916 1550 civium
939 1485 1007 1548 iura
1031 1483 1190 1546 tenuerunt

306 1587 326 1634 n
347 1567 490 1633 iuvidiam
503 1570 694 1650 ‚posteritatis
709 1568 822 1634 times?
845 1568 1022 1634 Praeclararn
1043 1583 1121 1629 vero
1141 1579 1189 1645 po·

276 1652 351 1736 puio
377 1651 512 1717 Rornano
536 1651 635 1714 relers
659 1653 796 1735 gratiam,
824 1653 875 1733 qui
899 1657 940 1727 te,
972 1650 1128 1712 hominem
1147 1660 1191 1728 per

277 1742 310 1802 te
331 1731 502 1818 cognitum,
536 1736 619 1798 nulla
648 1735 906 1800 commendatione
939 1733 1109 1810 maiorum,
1143 1737 1190 1792 tan

279 1817 455 1882 maturead
476 1836 623 1885 summum
646 1819 803 1901 imperium
833 1837 889 1900 per
918 1835 1023 1882 omnes
1051 1817 1192 1880 ,honorum

240 1981 246 1990 ι
281 1901 394 1986 grados
416 1903 539 1980 extulit,
568 1903 594 1964 si
615 1909 740 1986 propter
761 1903 903 1967 invidiam
926 1909 975 1966 aut
997 1901 1127 1966 alicuius
1146 1913 1193 1976 pt·

234 1985 370 2052 sariculi
391 1991 502 2051 metum
526 1985 652 2050 salutem
673 1987 783 2050 civium
806 1993 925 2052 tuorum
947 1984 1092 2128 neglipis.
1134 1977 1191 2052 sd,

282 2070 310 2136 si
332 2069 400 2153 quis
429 2074 475 2133 cst
503 2069 623 2133 invidiae
654 2076 768 2146 metus,
802 2071 889 2132 ηοιι3
922 2075 968 2131 est
996 2087 1035 2132 ve
1058 2065 1198 2131 ementiu

283 2152 454 2218 severitatis
472 2169 508 2213 ac
527 2151 710 2218 fortitudinis
719 2153 835 2219 invidia
854 2171 943 2234 quum
960 2153 1078 2218 inertie
1097 2169 1131 2214 ac
1146 2163 1191 2208 nc-

284 2234 385 2317 quitiae
406 2235 657 2316 pertimescenda.
708 2236 776 2314 An,
809 2256 899 2318 quum
929 2236 1011 2301 bello
1041 2232 1192 2301 vastabitur

177 2365 179 2380 .
284 2317 379 2394 italia,
400 2318 589 2382 vexabuntur
609 2320 711 2398 urbes,
731 2326 810 2385 tecta
831 2319 987 2397 ardebunt,
1010 2325 1071 2382 tum
1094 2325 1124 2380 te
1144 2327 1192 2376 nou

285 2402 455 2484 existimas,
470 2402 590 2465 invidiae
616 2404 757 2467 inccndio
784 2403 1063 2486 conflagraturum?
1093 2435 1127 2447 -
1150 2395 1192 2460 Hit

285 2502 346 2569 ego
360 2485 564 2551 ,sanctissimis
585 2488 630 2552 rei
652 2487 781 2568 publice
803 2487 927 2550 vocibus
958 2491 988 2548 et
1016 2504 1123 2550 eorum
1145 2481 1193 2543 bo-

284 2570 408 2647 minum,
431 2569 483 2650 qui
495 2569 565 2632 'hoc
586 2570 691 2634 idem⁴
712 2570 853 2645 sentiunt,
875 2571 1024 2651 mentibus
1040 2587 1136 2650 pauca
1149 2579 1193 2624 re·

284 2652 453 2736 spondebo.
500 2652 578 2734 Ego,
602 2655 628 2716 si
649 2655 709 2716 hoc
730 2655 873 2736 optimum
894 2653 1003 2718 factu⁶
1030 2653 1192 2717 iudiearem

278 2734 387 2822 'patres
399 2737 571 2816 conscripti,
594 2735 750 2800 Catilinam
764 2744 861 2800 morte
874 2737 1004 2813 multari,
1025 2737 1116 2800 unius
1131 2747 1192 2796 usu-

283 2837 349 2884 ram
373 2818 456 2884 bore
475 2818 635 2902 gladiatori
660 2822 708 2886 isti
732 2821 769 2886 ud
790 2821 950 2885 vivendum
968 2837 1029 2883 non
1046 2819 1192 2884 dedissen-

177 2910 180 2916 ’
208 2915 209 2920 ’
285 2903 413 2978 Etenim,
437 2903 464 2968 si
487 2905 593 2968 summi
616 2905 673 2970 viri
691 2911 720 2966 et
736 2905 895 2968 clarissimi
913 2905 995 2967 cives
1012 2899 1159 2967 Saturnini
1172 2896 1194 2954 ti

230 3046 244 3060 ,
263 2997 267 3008 “
288 2984 491 3053 Gracchorum
506 2993 537 3049 el
550 2987 648 3054 Flacci
669 2994 699 3052 et
713 2989 902 3069 superiorum
919 2987 1119 3068 complurium
1133 2997 1193 3045 san-

245 3119 247 3136 .
332 3069 381 3132 ine
407 3087 469 3133 non
497 3069 587 3135 modo
612 3089 729 3138 senon
750 3073 1009 3147 contaminarunt,
1042 3066 1193 3132 sedetiam

311 3155 496 3229 onestarunt
518 3155 779 3220 certe'verendurn
795 3155 884 3220 mibi6
901 3159 1050 3230 nouerat,
1072 3171 1112 3214 nc
1128 3142 1192 3231 quid,

210 3311 213 3324 ,
287 3235 347 3302 boc
369 3235 519 3316 parricida
544 3238 654 3303 civium
675 3237 845 3320 interiecto,
867 3237 988 3301 invidiae
1010 3235 1082 3298 milri
1100 3237 1130 3297 in
1144 3245 1192 3312 ‘po-

127 3385 131 3394 ,
289 3319 453 3386 steritotcm
482 3319 672 3386 redundaret.
730 3321 817 3397 Quod
851 3322 877 3384 si
909 3339 946 3384 ea
976 3321 1050 3383 rnihi
1081 3316 1192 3408 maxine

289 3403 495 3484 impenderet,
517 3409 616 3470 tamen
638 3406 698 3470 hoc
718 3405 817 3470 animo
838 3422 959 3486 semper
982 3403 1045 3482 lui,
1074 3409 1108 3464 ut
1127 3403 1192 3462 inu·

197 3563 202 3572 .
291 3486 370 3552 diam
391 3487 500 3552 virtute
520 3493 633 3569 partam
659 3489 798 3572 gloriam,
820 3504 881 3550 neu
901 3488 1044 3551 iuvidiam
1067 3491 1193 3568 putarem·

8 3571 9 3664 l
71 3650 87 3691 ὁ
247 3569 477 3656 eoQuamquam
497 3572 635 3637 nonnulli
650 3580 727 3651 ¹sunt
747 3573 779 3635 in
801 3571 861 3634 boc
881 3573 998 3650 ordine,
1018 3571 1070 3653 qui
1094 3573 1140 3632 aut
1156 3577 1191 3635 et

8 3667 9 3706 l
347 3669 364 3704 t

215 3819 219 3830 .
330 3775 412 3829 ¹⁰m.
436 3778 482 3832 ric.
519 3776 662 3847 ’impedit
678 3781 733 3835 tei,
765 3777 867 3835 'uuun
913 3779 991 3851 ‘qui
1008 3779 1089 3836 idem.
1135 3770 1191 3824 ‘it'

259 3921 264 3931 ι
328 3849 409 3906 ιιιιιπῖ
444 3847 540 3903 ‘uiui
556 3864 610 3930 ver.
673 3897 676 3908 ,
