2468 4318
234 289 240 296 ·
282 265 329 323 ru
365 265 395 326 e.
430 255 712 326 certarnen.
912 271 963 327 mc

49 439 200 522 occupavit.
246 435 682 521 ·1u.cpprimi·‘mstcmmdc
713 389 749 503 ac
782 437 962 522 prolatando

48 523 119 586 nullo
140 527 230 604 paeto
248 527 366 602 potest;
401 540 582 608 quacunque
602 524 722 590 ratione
742 519 851 604 placet,
875 522 962 586 cele-

46 608 111 670 riter
124 606 209 674 vobis
225 605 436 673 uindicandum
458 611 513 668 cst.
555 605 663 685 Video,
685 603 760 669 duas
773 603 871 668 adbuc
891 601 1034 680 essert}
1102 688 1105 694 Ι
1193 657 1196 662 .

46 691 204 765 sententias,
227 707 318 753 unam
342 688 378 753 D.
398 688 502 766 Silani,
525 690 577 771 qui
599 693 712 766 censet,
735 705 801 768 eos,
823 689 875 772 qui
897 686 964 762 hmo

46 773 136 838 delere
157 773 256 838 conati
280 778 366 849 sunt,
401 778 498 836 morte
523 790 593 836 esse
619 772 808 851 multandos,
840 774 964 840 alteram

46 855 75 918 C.
92 857 233 935 cesaris,
257 856 309 939 qui
331 857 435 919 mortis
457 873 586 938 poenam
607 861 763 933 removet,
793 859 963 920 ceterorum

44 941 248 1022 suppliciorum
268 956 373 1002 omnes
395 939 575 1002 acerbitates
593 937 790 1022 amplectitur.
832 938 965 1024 Uterque

45 1030 69 1088 et
89 1042 140 1106 pro
161 1026 216 1090 sua
240 1022 386 1106 dignitato
416 1029 447 1088 et
477 1040 535 1106 pro
565 1039 667 1088 rerum
698 1023 964 1106 magnitudinem

44 1126 144 1171 summa
165 1108 326 1172 severitate
348 1113 494 1172 versatur.
540 1107 628 1175 Alter
648 1123 715 1185 eos,
742 1107 871 1188 quinos
893 1126 964 1171 om-

43 1210 89 1256 nes
115 1192 180 1274 [qui
208 1189 355 1274 populum
383 1189 588 1266 Romanum]¹
615 1190 676 1255 vita
704 1189 827 1336 priamo
861 1190 982 1266 eonati,

43 1282 109 1353 sunt,
129 1277 179 1358 qui
201 1274 306 1338 delere
322 1273 491 1355 imperium,
518 1274 569 1356 qui
608 1273 692 1358 epuli
735 1273 835 1338 omani
852 1291 978 1338 nornen*

43 1361 235 1443 exstinguere,
256 1357 398 1441 punctum
411 1357 557 1440 temporis
578 1291 640 1423 1ῌυί
661 1357 722 1422 vita
743 1357 854 1422 etheo
875 1375 964 1426 oom-

42 1444 111 1508 muni
130 1443 238 1525 spiritu
259 1459 321 1504 non
347 1446 431 1522 putat
462 1447 622 1523 oportere,
655 1447 746 1587 atqlue
774 1441 834 1504 hoo
852 1453 963 1524 'genus

41 1543 135 1607 poenae
158 1545 241 1609 saepe
272 1526 304 1588 in
333 1525 488 1606 improbos
516 1525 598 1607 ciues
629 1525 661 1590 in
714 1543 750 1587 ac
778 1542 813 1587 re
840 1525 963 1606 publica
1001 1599 1002 1606 p

41 1628 99 1672 esse
118 1615 293 1693 usurpatum
313 1607 500 1672 recordatur.
542 1607 630 1671 Alter
651 1606 811 1690 intelligit,
835 1613 963 1670 mortem

42 1694 126 1758 odiis
147 1691 366 1758 immortalibus
388 1708 450 1755 non
472 1709 542 1754 esse
565 1689 708 1772 supplicii
729 1707 821 1754 causa
844 1691 963 1778 consti-

42 1781 136 1855 tutam,
166 1777 222 1842 sed
246 1782 297 1840 aut
316 1774 529 1840 necessitatem
550 1780 668 1840 nature
689 1780 740 1838 aut
754 1773 897 1849 ,laborum
927 1791 964 1837 ac

40 1862 216 1926 miseriarum
236 1861 367 1942 quietem
385 1876 464 1924 esse.
479 1925 481 1928 ,
496 1857 598 1942 ltaque
616 1875 682 1922 eam
699 1857 853 1940 sapientes
871 1875 963 1921 num-

41 1946 244 2025 quantovis,
274 1943 371 2007 sortes
392 1961 474 2025 saepo
494 1941 614 2012 eticm²
649 1942 778 2006 libenter
801 1941 964 2025 oppetive-

40 2034 107 2090 runt.
149 2025 379 2092 tincmavcro
402 2032 433 2089 et
454 2044 491 2088 ea
514 2026 699 2109 sempiterna
721 2029 804 2088 oerte
829 2024 868 2090 ad
895 2023 964 2089 sin-

39 2112 161 2193 gularem
183 2129 316 2196 poenam
338 2108 449 2173 nefarii
470 2110 597 2179 sceleris
619 2110 741 2172 inventa
764 2113 842 2174 sunt.
892 2105 964 2172 blu-

39 2196 145 2278 nioipiis
166 2194 324 2277 dispertiri
345 2193 436 2262 iubet.
477 2193 598 2258 Habere
620 2191 739 2263 videtur
761 2192 817 2261 ista
831 2210 883 2256 res
900 2191 964 2258 ini·
1082 2219 1089 2228 ·

38 2278 185 2358 quitatem,
209 2280 235 2342 si
258 2277 410 2359 imperare
433 2275 528 2353 velis,
553 2273 773 2355 difficultatem,
793 2276 820 2353 si
839 2290 963 2360 rogare.
1016 2312 1019 2318 ,

38 2359 216 2428 Decernatur
239 2369 357 2437 tamen,
389 2359 415 2424 si
436 2359 546 2444 placet.
593 2358 660 2442 Ego
685 2360 765 2424 enim
787 2360 992 2456 suscipiam,s
1061 2377 1062 2382 ¹
1171 2427 1176 2435 ,

39 2451 71 2521 et,
90 2455 123 2510 ut
142 2463 246 2530 spero,
268 2444 430 2527 reperiam,
454 2443 504 2526 qui
528 2441 570 2520 id,
592 2440 673 2525 quod
696 2442 802 2508 salutis
828 2460 962 2506 omarum
997 2463 999 2468 ·

39 2545 118 2594 causa
139 2530 316 2606 statueritis,
339 2544 400 2591 nou
422 2532 529 2609 putent
553 2545 624 2590 esse
645 2542 707 2590 suae
730 2524 884 2611 dignitatis
905 2543 962 2588 re-

39 2629 143 2678 cusare.
192 2610 340 2694 Adiungit
364 2629 495 2693 gravem
523 2627 653 2692 poenam
684 2610 899 2691 municipiis³,
934 2608 962 2673 si

39 2697 96 2776 quis
117 2715 223 2762 eorum
243 2696 363 2760 vincola
385 2693 520 2776 ruperit;
542 2692 706 2762 horribiles
724 2692 877 2758 custodies
896 2692 962 2756 eir-

38 2779 147 2845 cumdat
167 2788 199 2845 et
222 2780 330 2862 dignas
354 2779 473 2842 scelere
487 2776 641 2842 hominum
658 2778 862 2860 perditorum;
886 2794 962 2845 san-

38 2861 104 2942 cit⁴,
132 2884 171 2928 ne
196 2865 264 2946 quis
285 2881 391 2927 eorum
414 2879 555 2944 poenam,
589 2879 666 2942 quos
691 2861 880 2940 condemnet,
911 2866 962 2924 aut

37 2955 240 3026 personatum
264 2952 313 3010 aut
334 2964 390 3028 per
413 2946 557 3027 populum
581 2945 685 3014 levare
712 2945 829 3025 possit3
871 2945 962 3027 eripit

38 3030 116 3094 etiam
139 3051 235 3114 spem,
268 3047 335 3113 quae
357 3031 424 3094 sola
446 3028 611 3093 homines⁵
632 3028 663 3089 in
687 3027 819 3092 miseriis
845 3045 960 3092 conso-

38 3111 86 3178 lari
106 3117 201 3191 solet;
226 3115 306 3180 bona
330 3120 478 3195 preterca
499 3109 649 3193 publicari
668 3111 767 3188 iubet;
792 3112 882 3188 uitam
904 3129 961 3176 so-

38 3194 88 3259 lam
109 3198 253 3280 relinquit
272 3197 396 3262 nefariis
419 3195 609 3270 hominibus;
634 3213 721 3276 quam
742 3196 769 3258 si
786 3195 961 3278 eripuisset,

37 3282 138 3346 multos
162 3300 225 3346 uuo
249 3281 355 3346 dolore
386 3280 510 3345 dolores
541 3278 632 3342 animi
656 3284 746 3360 atque
769 3279 909 3360 eorporis
931 3282 962 3338 et
1011 3281 1017 3292 ⁸
1102 3291 1106 3294 ·

37 3377 134 3430 omnes
154 3367 307 3430 scelerum
329 3383 444 3447 poenas
464 3363 636 3433 ademisset.
678 3361 782 3444 ltaque
800 3368 838 3429 ¹ut
859 3361 961 3442 aliqua
992 3391 995 3396 ·

37 3444 64 3508 il
85 3451 143 3514 vita
164 3447 296 3514 formido
321 3448 465 3531 improbis
486 3453 567 3512 esset
587 3447 704 3528 posita,
736 3445 816 3528 apud
843 3442 962 3507 inferos

38 3531 177 3598 eiusmodi
197 3532 333 3616 quedam
356 3531 402 3602 illi
425 3531 539 3614 antiqui
564 3531 716 3614 supplicia
748 3529 849 3612 impiis
881 3543 960 3598 oon·
1063 3619 1067 3625 ³

70 3745 165 3821 ἠιμ
182 3751 293 3806 ubete.
311 3775 347 3788 -
365 3745 428 3804 cine
446 3751 530 3803 uncia.
583 3745 689 3801 ’cedat
714 3773 750 3786 -
775 3748 852 3800 ctiam
878 3759 960 3812 sape.

68 3817 301 3924 'mquicipibum
334 3820 532 3886 ‘circumdem
554 3828 583 3876 et
601 3819 680 3887 digna
698 3835 736 3874 sc.
756 3817 783 3873 b.
799 3817 962 3886 perditorum
1041 3901 1042 3904 Ἴ
1088 3821 1096 3840 ⁸

68 3901 157 3945 tonent.
230 3893 373 3947 hommem.

731 4029 763 4079 8⁸
