2546 4310
236 159 273 212 ιιι
472 204 474 216 ,
574 133 830 204 onnnro'

239 324 320 392 solet
333 328 427 401 esse,
454 327 487 388 nt
506 335 614 389 remos
634 319 885 402 lanceationem
907 319 1101 402 polliceatur,
1132 320 1171 386 id

240 407 312 476 Sem
333 407 444 472 Roscio
464 405 568 470 facere
590 405 756 469 nonlicet.
796 401 869 482 Vos,
891 405 943 486 qui
965 405 1047 468 hunc
1068 423 1172 468 accu-

240 492 326 569 satis,
348 507 453 555 omnes
476 490 541 552 eins
564 485 833 564 eumechildis,
856 505 1042 570 unnspnar,
1065 490 1170 552 vietus

212 599 214 604 ·
241 573 407 658 quotidiani
429 572 620 650 administer,
659 590 699 634 ex
712 573 713 580 ’
727 576 805 635 mnu
825 569 939 634 familia
960 571 1030 636 Sex.
1051 571 1170 636 Roscio

240 659 367 724 relictus
388 673 450 719 non
472 661 527 720 est.
575 655 618 720 'le
640 673 721 718 nunc
740 654 878 734 appello,
906 653 937 718 P.
962 654 1086 737 Scipio,
1125 661 1171 732 te,

241 741 380 816 Metelle3
417 739 504 803 vobis
526 739 697 817 advocatis,
729 737 1010 821 noningenties,
1042 739 1171 820 aliquo-

241 826 302 888 ties
324 823 400 886 duos
426 839 533 886 servos
557 830 701 906 paternos
723 821 754 884 in
778 823 972 902 questionem
991 822 1030 884 ab
1053 822 1171 886 adver-

243 908 333 974 sariis
355 905 425 971 Sex.
445 905 574 970 Roscius
602 904 774 987 postulavit.
815 903 1016 970 Meministine
1039 913 1089 983 tc,
1133 903 1171 966 Τ.

242 990 346 1069 liosei,
367 990 537 1054 recusare?
560 989 663 1063 Quid?
686 989 707 1052 ii
729 987 810 1052 servi
834 988 885 1051 nlri
908 989 1005 1054 smrt?
1027 987 1172 1070 Chryso-

243 1091 368 1160 gonum,
391 1074 517 1150 iudices,
539 1079 708 1148 sectantum
729 1069 809 1152 apud
830 1089 898 1134 eum
916 1079 985 1136 sunt
1002 1073 1033 1134 in
1048 1071 1173 1137 honore

244 1164 275 1224 et
298 1158 330 1220 in
351 1159 460 1240 pretio.
501 1157 708 1232 Etiamnunc,
729 1159 762 1218 ut
777 1172 816 1216 er
836 1155 897 1220 iis¹
920 1161 1080 1235 quereum,
1106 1172 1173 1238 ege

242 1239 375 1324 postulo,
397 1241 448 1304 lric
469 1245 536 1328 orat
555 1245 648 1324 atque
665 1239 814 1303 obsecrat.
861 1237 940 1311 Ouid
961 1237 1087 1302 facitis?
1113 1257 1175 1302 cur

199 1323 420 1388 rereousaust
447 1323 586 1386 Dubitate
607 1323 697 1385 etiam
721 1329 811 1396 nune,
832 1320 958 1400 iudicas,
979 1322 1006 1384 si
1027 1323 1175 1404 potestis,

244 1427 263 1474 a
285 1415 345 1490 quo
367 1408 406 1470 sit
427 1405 496 1471 Sex.
504 1405 632 1470 Roscius
651 1406 782 1479 occisus,
802 1405 839 1466 ab
862 1405 1022 1486 conequi
1043 1411 1177 1486 propter

245 1491 328 1556 illius
349 1496 476 1554 mortem
504 1491 535 1552 in
566 1493 700 1572 egestate
721 1494 753 1550 et
783 1487 900 1550 insidiis
926 1489 1078 1565 uersatur,
1120 1489 1178 1550 eui

245 1591 286 1638 rre
308 1573 462 1655 quarendi
495 1573 614 1656 quidem
633 1572 671 1635 da
693 1577 795 1634 morte
825 1572 920 1652 patris
940 1576 1072 1652 potestas
1094 1589 1179 1653 per-

246 1659 390 1735 mittitur,
419 1676 456 1720 an
479 1658 516 1720 ab
538 1657 596 1735 iis,
626 1656 677 1738 qni
697 1655 892 1736 questionem
915 1653 1058 1737 fugitent,
1086 1655 1178 1718 hona

246 1741 422 1840 possident,
439 1771 442 1776 ’
459 1740 491 1802 in
513 1739 705 1820 cedentque
727 1756 770 1801 ex
788 1737 871 1800 oaede
893 1738 1004 1802 vivunt
1051 1737 1179 1816 Omnia,

247 1823 383 1902 indices,
419 1822 451 1884 in
481 1821 539 1884 hac
572 1839 664 1884 eausa
685 1827 755 1884 snnt
777 1821 889 1884 misera
917 1827 1005 1903 atque
1028 1821 1177 1904 indigna;

246 1913 347 1972 umen
371 1906 430 1972 hoo
452 1903 527 1968 nihil
546 1923 644 1986 neque
667 1904 814 1972 acerbius,
827 1923 927 1986 neque
943 1906 1073 1986 iniquius
1092 1922 1178 1986 pro-

247 1990 323 2056 ferri
344 1994 472 2072 potesta
485 1989 591 2052 mortis
609 1995 742 2071 paternae
765 1988 802 2052 de
823 1988 921 2053 servis
938 1990 1070 2070 paternis
1084 2005 1178 2069 ιιιιω-

248 2074 377 2140 stionem
400 2071 513 2135 habere
534 2069 596 2134 filio
625 2089 688 2136 non
710 2072 789 2135 lieet.
834 2070 880 2134 Ne
910 2072 1022 2136 tamdiu
1050 2071 1178 2154 quidem
1271 2068 1272 2081 ¹

251 2157 391 2221 dominus
414 2155 473 2218 erit
501 2155 532 2217 in
556 2172 649 2234 suos,
687 2155 755 2218 dum
779 2173 818 2218 ex
839 2155 876 2216 iis
899 2155 937 2218 de
957 2156 1050 2238 patris
1075 2161 1180 2218 morte

251 2237 425 2321 queratur?
461 2235 597 2317 Veniam,
627 2257 727 2321 neque
748 2237 902 2304 itamulto
925 2245 1004 2320 post,
1034 2238 1071 2303 ad
1091 2238 1178 2303 hunc

249 2323 366 2398 loonm3
388 2341 457 2384 nam
478 2321 537 2384 hoc
551 2328 647 2384 totum
669 2322 707 2386 ad
728 2320 855 2386 Roscios
876 2323 1014 2402 pertinet,
1037 2321 1075 2384 de
1091 2339 1179 2402 qno-

250 2424 317 2469 rum
338 2404 463 2470 audacia
485 2411 546 2468 tum
570 2421 618 2468 me
640 2406 787 2470 dicturum
809 2405 961 2486 pollicitus
982 2424 1058 2482 sum,
1082 2424 1177 2486 quum

137 2490 186 2566 29
204 2489 352 2564 79Eruoii
373 2489 499 2552 crimina
520 2489 684 2552 diluissem.
730 2489 834 2565 Nunc,
862 2487 970 2572 Eruci,
1003 2488 1040 2552 ad
1063 2495 1096 2552 te·
1114 2507 1179 2550 ve-
1269 2503 1270 2530 ³

250 2575 312 2638 nio.
360 2571 528 2637 Conveniat
542 2572 616 2637 mihi
633 2579 729 2636 tecum
754 2589 882 2634 necesse
901 2579 958 2650 est,
981 2573 1008 2637 si
1034 2571 1178 2636 adhunc

250 2655 429 2720 maleficium
451 2655 531 2720 istud
553 2656 701 2736 pertinet,
743 2662 792 2718 aut
813 2657 912 2738 ipsum
933 2675 988 2720 sun
1010 2674 1100 2720 mann
1122 2654 1176 2718 ia-

250 2741 348 2817 cisse‚
387 2738 419 2800 id
438 2739 519 2820 quod
543 2757 663 2820 negas,
678 2781 681 2786 -
696 2747 746 2803 eut
768 2757 824 2820 per
845 2739 963 2820 aliquos
989 2739 1101 2804 liberos
1124 2745 1177 2802 aut

251 2839 367 2888 servos.
413 2821 606 2884 Liberosne?
647 2841 844 2904 quosneque
872 2828 905 2884 ut
926 2823 1090 2886 convenire
1112 2840 1176 2904 po-

250 2907 352 2984 tnerit,
374 2923 474 2987 neque
494 2905 683 2986 oneratione
700 2906 853 2982 inducere,
875 2923 974 2986 neque
989 2906 1051 2984 ubi,
1074 2924 1176 2987 neque

249 3008 307 3076 per
336 3005 432 3070 qnos,
472 3007 573 3070 neque
603 3006 661 3070 qne
685 3007 739 3070 spo
763 2996 815 3054 aut
836 3006 897 3070 quo
929 2990 1048 3070 pretio,
1086 2996 1175 3071 potes

252 3073 423 3137 ostendere.
471 3072 537 3154 Ego
564 3078 667 3135 contra
700 3072 846 3149 ostendo,
883 3089 958 3136 non,
976 3071 1065 3136 modo
1098 3073 1177 3135 nihil

250 3174 357 3220 eorum
378 3154 490 3220 iecisse
501 3153 570 3219 Sex.
582 3154 733 3233 Roscium,
755 3156 811 3221 sed
832 3173 871 3219 ne
892 3156 1030 3236 potuisse
1053 3156 1175 3238 quidem

251 3238 365 3317 lacere,
388 3238 469 3320 quod
492 3238 825 3320 nequeRomaevmultis
850 3240 936 3304 annis
951 3237 1053 3315 inerit,
1074 3258 1177 3320 neque

253 3323 292 3386 de
312 3322 433 3405 prediis
449 3339 589 3402 umquem
612 3328 727 3386 temere
745 3323 930 3388 discesserit
974 3321 1099 3386 Restare
1121 3325 1177 3386 tibi

253 3407 411 3470 videbatur
439 3421 596 3468 servorum
620 3422 750 3485 nomen,
786 3423 847 3488 quo
876 3406 964 3488 quasi
988 3407 1019 3468 in
1044 3413 1177 3489 portum,

253 3491 386 3553 reiectus
415 3507 432 3549 a
461 3488 570 3549 ceteris
592 3489 831 3570 suspicionibus,
861 3487 1028 3572 coningere
1050 3507 1177 3571 posses;

255 3571 494 3654 ubtscopulum
515 3569 644 3636 odendis
668 3573 837 3654 eiusmodi,
875 3579 908 3638 nt
939 3589 1000 3638 non
1023 3572 1115 3638 modo
1141 3575 1178 3639 ab

294 3757 305 3796 ⁸
323 3761 387 3814 coni.
405 3785 439 3798 ···
456 3759 504 3813 his.
615 3760 620 3770 ‘
