2468 4318
234 241 329 303 nno
354 241 387 301 r.
412 241 566 302 annuo
594 235 788 302 ursona.
821 273 827 286 ·
925 249 978 302 rm
1115 199 1117 208 ⁴

60 415 161 496 civem,
182 412 313 480 iudicem
335 420 490 496 nostrum,
510 414 629 501 pellere
650 412 900 501 possessionibus
920 415 974 480 'ar-
1033 441 1036 448 ·
1101 478 1108 490 ,

57 501 110 562 mis‘
126 500 292 584 castrisque
314 506 439 564 conatus
460 506 526 578 est;
568 500 621 584 qui
649 516 717 566 curu
748 497 920 564 architectis
941 506 974 564 el

56 581 238 666 decempedis
272 583 361 647 villas
390 583 553 648 multorum
578 585 744 666 tortosque
771 583 954 666 peragrabat
961 603 971 660 ς

55 668 101 747 qui
120 666 252 730 laniculo
276 672 307 730 ct
324 666 453 750 Alpibus
475 685 561 749 spem
583 668 812 749 posscssionum
826 666 972 728 termina-

54 747 97 812 bat
116 767 254 828 suarum3
279 751 342 832 qui,
367 769 458 834 quum
480 751 517 814 ab
542 751 643 832 emite
659 750 795 814 Romano
811 747 972 830 splendido

54 831 177 910 etiami,
197 833 237 896 ll.
261 817 405 913 Paconio,
423 850 486 898 nou
508 835 708 916 impetrasset,
730 840 764 897 ut
782 832 858 895 sibi¹
883 833 971 896 iusu-

53 915 104 978 lam
123 917 153 979 in
173 916 243 981 lacu
265 917 359 980 Prilio
382 917 538 998 uenderet,
557 923 684 1000 repente
705 917 843 980 butribus
857 914 891 977 in
904 933 971 978 eam

53 998 170 1063 insulam
191 1001 360 1083 materiem,
389 1001 514 1080 calcem,
535 1006 691 1077 cementa,
714 1011 797 1063 arma
818 1000 971 1077 convexit,

51 1080 223 1165 dominoque
257 1089 341 1146 trans
375 1084 472 1165 ripam
508 1085 697 1168 inspectante
731 1101 793 1146 uon
827 1079 970 1146 dubitauit

50 1165 195 1230 editicium
219 1172 381 1231 exstruere
402 1167 433 1229 im
455 1168 574 1245 ulicuo;
596 1167 649 1251 qui
671 1162 1015 1244 hristianissimo

50 1249 92 1312 cui
110 1250 203 1312 viro?
226 1251 270 1314 dii
290 1250 493 1314 immortalest
525 1251 609 1333 (quid
630 1251 711 1314 cuim
734 1266 794 1395 cio
816 1248 855 1312 de
875 1249 983 1332 muli·¹

49 1332 140 1396 arcula
161 1333 295 1412 Scantia,
326 1333 398 1416 quid
419 1332 458 1397 dc
479 1334 673 1398 adolescente
693 1331 725 1396 P.
776 1330 891 1416 pinic²
917 1331 968 1396 di-

49 1416 129 1478 cam?
178 1435 309 1500 quorum
339 1417 459 1499 utrique
480 1424 608 1480 mortem
632 1422 678 1481 est
699 1417 871 1498 minitatus,
905 1413 967 1478 nisi

49 1498 99 1560 sibi
117 1499 274 1564 lrortorum
297 1501 497 1582 possessione
518 1499 708 1564 cessissent⁸
719 1500 744 1580 ς)
787 1497 845 1563 sed
874 1514 967 1566 ausus

50 1586 89 1642 est
106 1583 246 1648 lurlanio
272 1584 387 1662 (licere,
405 1584 433 1647 si
456 1583 515 1646 sibi
536 1583 723 1665 percuniam‚
742 1586 882 1663 quantam
904 1598 966 1665 po-

49 1673 187 1746 poscerat,
217 1685 281 1731 non
305 1665 448 1745 dedisset,
481 1672 687 1750 mortuumse
707 1665 878 1728 iudomum
900 1665 966 1728 eius

50 1746 207 1831 illatruurn,
247 1769 308 1832 qua
337 1749 450 1813 inuidia
472 1749 544 1812 lruic
567 1755 650 1813 esset
671 1749 724 1812 tali
751 1747 819 1812 uiro
848 1747 966 1812 confla·-

49 1832 204 1911 graudum;
238 1833 290 1914 qui
313 1832 444 1916 Appium
466 1832 602 1914 tratrem,
619 1832 771 1896 huminem
793 1833 867 1895 nrilri
888 1848 966 1897 cou-

46 1913 165 1997 iunctmn
192 1917 340 1980 fidissima
369 1916 484 2000 gratia,
517 1916 671 1980 absentem
702 1916 740 1979 de
769 1917 968 1997 possessione

46 1993 120 2091 tundi
140 1999 272 2077 deiecit;
294 2000 346 2082 qui
367 2001 514 2083 parietem
534 2000 580 2064 sic
592 2017 657 2146 ¹per
676 1998 856 2064 nestibulum
873 2014 966 2064 soro-

46 2093 83 2142 rrs
105 2082 234 2147 instituit
259 2083 383 2161 ducere,
409 2084 456 2147 sic
478 2101 572 2168 agere
606 2083 797 2162 nodamenta,
816 2088 850 2147 ut
873 2097 966 2147 soro-

47 2178 102 2226 rem
121 2185 181 2231 uon
201 2167 296 2231 moda
317 2166 469 2230 uestibulo
499 2168 651 2250 privaret,
684 2166 740 2231 sed
772 2167 854 2229 omni
883 2166 966 2231 editu
1080 2207 1086 2218 -

46 2252 72 2306 ct
91 2247 220 2315 limine.”
274 2249 461 2331 Quamquam
481 2250 547 2313 lraec
568 2251 689 2332 quidem
710 2249 770 2314 iaur
792 2247 1011 2314 tolerabiliore
1028 2235 1078 2310 28
1154 2287 1156 2296 ·

46 2328 229 2414 videbantur,
265 2334 324 2397 etsi
354 2332 542 2416 aequabiliter
573 2335 605 2396 iu
636 2333 898 2417 rempublicam,
932 2334 964 2397 in

47 2414 187 2498 priuatos,
219 2417 250 2481 irr
273 2417 477 2500 longinquos,
497 2417 530 2480 iu
551 2416 761 2500 propinquus,
782 2417 814 2482 in
835 2418 965 2495 alienos,

48 2493 171 2564 menos
203 2499 358 2578 ismenem
406 2500 462 2563 sed
495 2500 601 2564 nescio
638 2499 790 2580 quomodo
818 2501 878 2563 iam
905 2515 965 2562 usu
1038 2526 1042 2535 ·

47 2577 218 2650 obduruerat
248 2589 278 2647 et
305 2583 509 2666 percalluerat
538 2583 668 2647 civitatis
689 2582 875 2648 incredibilis
904 2599 964 2665 pa-

48 2661 147 2729 tientia.
216 2667 291 2741 Quae
326 2684 400 2731 uero
433 2667 558 2731 aderaut
589 2666 649 2729 iam
679 2672 710 2729 et
742 2665 965 2749 impendebant,

47 2761 165 2824 quonam
178 2751 271 2815 modo
293 2768 330 2813 ea
352 2756 403 2813 aut
420 2749 576 2833 depellere
593 2750 768 2833 potuissetis
786 2755 837 2812 aut
852 2747 963 2813 lerre‘l

47 2823 194 2910 lupariam
219 2835 318 2898 illesi
341 2838 446 2897 nactus
469 2839 561 2914 essct,
584 2834 688 2896 omitto
703 2834 818 2912 socios,
840 2838 962 2897 exteras

46 2915 181 3004 nationes,
201 2934 306 3000 reges,
335 2915 518 2994 tetrarcham
561 2921 632 2981 rota
653 2917 733 2978 enim
756 2915 908 2996 laceretis,
931 2919 965 2979 ul

47 3007 74 3054 m
94 3015 144 3063 eos
165 3021 201 3066 se
221 3001 322 3083 potius
352 3001 524 3064 immitteret
554 3017 643 3082 quam
675 3000 708 3063 in
735 3005 852 3064 vestras
882 3016 962 3084 pos-

47 3082 200 3165 sessiomes,
228 3090 330 3148 vestra
351 3090 439 3160 tecta,
468 3089 585 3146 vostras
605 3082 770 3165 pecunias3
814 3084 962 3167 pecunias

48 3154 131 3228 dicul
163 3188 182 3232 a
203 3167 308 3232 liberis
319 3168 348 3244 ⁴,
369 3165 586 3243 mediusfidius,
609 3171 639 3228 et
660 3185 677 3229 a
700 3167 880 3251 coniugibus
902 3184 961 3230 uc-

47 3245 107 3336 ιῒιὶι
123 3268 283 3334 numquam
307 3251 360 3314 ille
384 3250 635 3313 effrenatassnas
658 3249 799 3314 libidines
829 3248 973 3316 cohibu-·
1007 3305 1015 3316 .

47 3335 118 3392 isset
160 3333 248 3419 Fimgi
269 3333 334 3396 hec
355 3333 476 3416 putatis,
499 3349 567 3417 quae
587 3339 699 3415 patent,
722 3351 789 3417 que
806 3338 877 3396 ncta
891 3334 961 3394 sunt
1054 3393 1058 3402 ,

47 3413 191 3501 amnibus,
218 3415 473 3500 quaterentur?
514 3433 673 3481 servorum
696 3417 849 3480 exercitus
874 3412 959 3478 illum

46 3505 74 3551 ιι
91 3497 162 3562 urbe
183 3500 422 3582 conscripturum
447 3499 563 3580 luisse,
596 3518 654 3584 per
682 3507 761 3582 quos
781 3504 873 3563 totam
894 3514 960 3560 rem

46 3575 181 3652 nubtam
196 3601 309 3669 resque
324 3584 458 3669 privatas
477 3584 610 3649 omnium
622 3580 820 3669 possideret?
842 3581 958 3657 Quam·
968 3593 1004 3644 rr

47 3701 261 3734 κ...-

76 3769 224 3870 :Pnups
246 3751 337 3837 Terras.⁸
350 3781 382 3835 Ε.
402 3807 435 3820 ·-
462 3798 510 3835 om.
538 3782 596 3835 sibi.
668 3777 819 3835 'adolere
843 3779 959 3849 llpouio.

106 3847 229 3907 tremeat
282 3852 296 3885 ⁴
316 3852 348 3905 E.
367 3853 397 3905 B.
415 3849 466 3906 alii
483 3849 600 3922 plurimi.
619 3871 653 3891 -·
672 3867 688 3906 a
705 3850 806 3919 liberie,
825 3850 975 3907 eliberta·
