2468 4318
266 142 318 252 uli
569 193 894 257 badanola

267 385 346 454 quos
365 368 491 452 privata
508 367 670 448 tortune‚-
694 362 772 451 qdos
798 358 964 434 eommnms
986 383 1041 432 res
1063 366 1177 450 publiea,

267 470 347 534 quas
369 453 500 535 denique
522 452 663 531 libertas,
692 470 749 531 ea,
776 469 842 535 que
863 449 1036 515 dulcissima
1058 459 1123 529 est,
1149 449 1179 513 ad

268 537 397 601 salutem
419 536 526 618 patrie
546 534 765 600 defendendam
794 535 959 598 excitavit?
1001 535 1115 601 Servus
1143 540 1180 596 est

147 659 150 669 ι
266 638 378 698 nemo,
402 619 453 702 qui
476 618 568 681 medo
590 620 742 682 tolerabili
764 619 944 683 condicione
966 619 1006 682 sit
1028 619 1181 692 servitutis,

269 706 323 786 qui
344 720 407 766 nnn
431 702 587 765 audaciam
610 703 720 766 civium
740 703 963 786 perhorreseat,
986 704 1040 784 qui
1055 719 1117 765 non
1130 701 1182 766 hau

167 831 173 849 ,
268 794 351 851 stare
371 787 483 868 cupiat,
520 787 573 868 qui
593 804 667 863 non,
695 786 860 868 quantum¹
889 787 979 852 audet
999 795 1032 850 et
1057 791 1182 868 quantun

224 867 1183 1035 atiitstill‘attdltlttntlttnltlllt

181 1073 207 1087 ω
271 1035 403 1101 auditum
426 1043 491 1115 est,
523 1037 665 1100 lenonem
691 1039 839 1120 quendam
866 1037 986 1100 Lentuli
1014 1000 1184 1100 eon’oursare

215 1183 219 1204 ‚
270 1121 385 1184 cineum
405 1120 557 1198 tabernas,
580 1121 681 1202 pretio
702 1139 828 1204 sperare
844 1121 1002 1184 sollicitari
1016 1135 1114 1202 pesse
1130 1116 1183 1178 ani·

270 1221 338 1266 mos
361 1205 514 1287 agentium
548 1211 637 1286 atque
666 1205 890 1287 imperitorum,
935 1210 982 1267 est
1014 1203 1048 1267 id
1081 1199 1184 1283 quiden

271 1293 412 1371 coeptum
434 1294 524 1370 atque
548 1293 702 1367 tentatum,
735 1288 790 1351 sed
812 1288 890 1350 nulli
910 1295 980 1352 sunt
1001 1286 1119 1350 inventi
1139 1289 1184 1344 tan

272 1376 325 1434 aut
345 1369 466 1434 senuna
492 1371 595 1434 miseri
627 1378 678 1434 aut
704 1372 856 1435 vuluntate
889 1371 1018 1454 perditi,
1058 1369 1111 1452 qui
1136 1381 1183 1452 nen

273 1455 358 1516 illum
380 1454 504 1536 ipsunt
534 1455 618 1518 selle
640 1461 728 1536 atque
753 1456 854 1536 operis
879 1461 909 1516 et
934 1461 1069 1536 quaestus
1098 1455 1184 1540 quota

168 1593 174 1604 ,
274 1537 363 1602 diani'
379 1537 497 1617 laeum·
516 1539 567 1620 qui
591 1555 654 1601 non
675 1537 776 1601 cubile
798 1557 834 1601 ae
858 1537 999 1602 lectulum
1023 1555 1123 1611 suum,
1145 1547 1183 1612 ull

272 1619 407 1703 denique
426 1639 489 1685 non
512 1639 632 1686 cursum
653 1622 733 1685 hune
755 1623 884 1686 otiosum
907 1622 975 1685 vitre
996 1638 1063 1684 suae
1085 1618 1183 1708 salvara

274 1721 347 1768 esse
369 1705 471 1768 velint.
524 1705 619 1769 Multo
641 1723 715 1769 vero
737 1705 960 1788 manimapars
986 1718 1115 1780 amum,
1147 1713 1184 1780 affl

274 1787 313 1852 in
336 1787 471 1851 tabernis
501 1794 589 1867 sunt,
621 1789 712 1853 immo
739 1807 813 1853 vero
842 1789 898 1870 (id¹
915 1789 995 1850 eninr
1021 1787 1125 1868 petius
1150 1781 1183 1842 esi

155 1873 156 1880 ’
275 1870 447 1952 dicendum)
474 1889 572 1954 genus
598 1871 658 1935 hoe
685 1872 859 1935 universum
887 1872 1122 1934 amantissimum
1150 1866 1185 1926 esi

165 1965 169 1972 ·
275 1953 340 2016 otii.
384 1955 501 2020 Etenim
523 1972 612 2018 omne
633 1956 859 2020 instrumentum
871 1955 895 2032 ³,
919 1956 1015 2018 amnis
1037 1971 1131 2036 opera
1148 1953 1183 2010 al·

275 2055 336 2121 que
347 2045 478 2120 quaestus
490 2037 660 2120 frequentia
672 2041 782 2102 nivium
799 2043 990 2117 sustentatur,
1014 2038 1105 2101 alitur
1121 2033 1184 2104 otiot

277 2135 405 2204 quorum
434 2122 463 2186 sl
492 2129 623 2203 questus
660 2123 792 2203 occlusis
823 2123 956 2186 tabernis
986 2122 1083 2186 minui
1114 2116 1184 2190 salet,
1220 2169 1221 2180 ,

277 2205 350 2286 quid
370 2204 489 2267 tandem
514 2206 649 2270 incensis
672 2206 805 2270 futurum
829 2205 912 2269 fnit?

188 2285 268 2358 918
343 2285 442 2360 pue
463 2306 555 2369 quum
584 2291 625 2352 ita
657 2290 733 2369 sint,
768 2296 869 2372 patres
900 2289 1084 2371 conscripti,
1114 2280 1185 2347 vobis

276 2369 383 2516 populi
406 2370 532 2435 Romani
554 2373 696 2455 praesidia
719 2390 781 2436 non
802 2373 910 2436 desunt
917 2393 927 2449 ;
948 2390 1004 2435 vos
1028 2391 1069 2434 ne
1088 2363 1184 2453 populo

304 2471 413 2517 amana
437 2455 545 2519 deesse
567 2457 738 2532 videamini,
763 2457 930 2539 providete.
977 2455 1100 2520 Habetis
1122 2465 1186 2513 aon·

277 2536 375 2601 sulem
396 2558 435 2601 ex
455 2540 593 2622 plurimis
613 2541 757 2623 periculis
773 2547 810 2623 et
830 2539 949 2603 insidiis
971 2546 1060 2621 atque
1078 2557 1115 2600 ex
1130 2546 1184 2595 ωθ-

278 2619 328 2683 dia
349 2629 447 2694 morte
470 2641 531 2686 non
556 2623 594 2686 ad
618 2625 710 2687 vitam
734 2642 829 2700 suam,
859 2624 914 2686 sed
936 2623 974 2686 ad
996 2623 1121 2688 salutem
1139 2631 1185 2676 lt·

276 2708 369 2770 stram
390 2713 593 2782 reservatum3
635 2725 741 2771 omnes
763 2707 885 2770 ordines
908 2707 945 2769 ad
966 2699 1185 2770 conservandam

277 2788 515 2870 rempublicam
537 2796 648 2868 menta,
672 2792 835 2869 voluntate,
862 2790 973 2869 studio,
997 2791 1104 2853 virtute
1123 2794 1186 2846 nott

278 2872 486 2948 consentiunt3
530 2873 656 2938 obsessa
684 2874 801 2944 lacibus
828 2881 859 2936 et
880 2874 949 2937 telis
970 2874 1069 2955 impiae
1092 2865 1185 2934 coniu-

277 2952 404 3018 rationis
427 2956 513 3019 vobis
537 2958 667 3039 supplex
688 2976 793 3020 manus
818 2957 911 3020 tendit
937 2958 1038 3038 patria
1065 2963 1185 3040 cammu-

244 3089 249 3096 .
278 3035 327 3098 nis
335 3056 344 3112 ;
387 3039 548 3118 subisse,
579 3041 666 3104 vobis
691 3043 780 3105 vitam
803 3042 936 3104 omnium
958 3041 1084 3118 civium,
1113 3031 1185 3096 vnbls

279 3137 382 3216 praem
405 3127 436 3182 et
465 3123 663 3246 Capitolium,
694 3126 781 3189 vobis
813 3143 881 3187 aras
908 3124 1081 3199 Penatium,
1111 3111 1183 3212 vebis

279 3221 383 3286 agnem
411 3205 493 3268 illum
551 3207 650 3270 Vestae
671 3207 926 3290 sempiternum⁵‚
960 3208 1047 3270 vobis
1070 3211 1184 3269 omnium

280 3285 406 3351 deorum
427 3291 580 3372 templa0,¹
593 3298 685 3372 atque
708 3292 850 3369 delubra,
876 3291 963 3354 vobis
986 3306 1088 3353 muros
1111 3290 1184 3361 alalt
1220 3325 1221 3340 κ

263 3371 460 3445 [urbis-tecta
482 3376 677 3438 commendat.
724 3375 874 3438 Praeterea
895 3374 933 3438 de
953 3380 1054 3438 vestra
1071 3373 1136 3442 rita,
1154 3360 1182 3423 ‘¹⁰

77 3515 84 3524 ,
161 3508 168 3522 ,
199 3521 204 3525 ,
279 3457 443 3539 coniugum
467 3464 633 3521 vestrarum
655 3465 745 3544 atque
768 3458 933 3522 liberorum
955 3457 1062 3535 anima,
1082 3455 1118 3518 de
1129 3448 1182 3512 lor-

316 3673 416 3728 ιοοιὶιὶ.
435 3703 468 3715 -
484 3691 542 3729 nen
561 3685 668 3743 tanturn,
687 3686 819 3746 quantum.
854 3675 958 3729 ‘aaut
973 3677 1104 3745 -ipsum
1116 3671 1180 3749 illum·
1219 3724 1220 3752 p

314 3742 416 3796 icodd.
442 3772 476 3786 -
500 3763 578 3798 omne
606 3763 697 3800 eorum
720 3751 836 3800 instrum.
907 3746 1011 3800 ⁴aodd.
1037 3774 1071 3783 -
1092 3744 1177 3801 illlil·
1220 3771 1221 3778 ¹

234 3880 235 3883 Ἰ
260 3860 264 3866 ,
315 3811 418 3869 'eodm
434 3843 466 3856 -
485 3826 643 3884 perpetuum
658 3834 690 3872 ao
705 3820 806 3886 scalpit.
843 3814 855 3850 ⁶
872 3818 1068 3887 emniatempla
1084 3818 1177 3870 deerunt·
