2546 4310
288 205 325 256 ³4
636 197 870 259 omento
970 145 1001 226 ί·

229 388 278 440 ιιι
291 371 398 440 falsam
426 371 548 438 domrnn
575 370 753 440 retulerunt
800 375 834 438 ln
852 371 978 458 privatis
999 372 1091 438 rebus
1109 373 1136 438 si
1154 374 1195 456 qui
1238 367 1239 370 ’

289 476 355 523 rem
375 458 542 522 mandatam
564 473 627 520 non
647 459 739 522 modo
761 460 939 522 malitiosius
961 459 1127 554 gessisset,
1156 460 1195 520 sui

290 547 420 626 questus
442 547 491 604 aut
512 541 662 605 commodi
684 560 791 622 oausa3
813 548 1024 606 verumetiam
1044 541 1195 625 negligen-

289 627 361 704 tius,
388 643 456 688 eum
475 623 607 686 maiores
629 643 777 689 sumnum
800 625 962 690 admisisse
982 623 1114 688 dedecus
1138 625 1196 686 exi-

290 707 458 774 stimabant.
500 706 603 789 ltaque
624 709 756 774 mandati
775 711 967 773 constitutum
992 715 1037 772 est
1059 709 1196 782 iudicium,

290 809 353 856 non
377 793 476 854 miuus
495 797 585 874 turpe
606 811 695 874 quam
715 792 799 872 furti,
820 793 924 872 eredo,
941 799 1105 874 propterea
1120 789 1198 873 quod,

291 876 402 957 quibus
422 875 454 937 in
477 875 569 938 rebus
592 875 820 957 ipsiinteresse
841 894 904 938 non
918 893 1091 958 possumus,
1112 877 1142 938 in
1160 873 1198 934 bis

119 1009 122 1018 .
188 1025 194 1035 2
234 1019 236 1027 ,
292 976 395 1041 opero
426 966 537 1023 nostrae
572 958 685 1022 uicaria
717 959 793 1024 tides
827 961 991 1024 amicorum
1021 959 1197 1041 supponitur,

292 1061 382 1142 quam
405 1042 464 1126 qui·
484 1041 583 1120 ledit,
616 1049 772 1127 oppugnat
794 1045 926 1106 omnium
949 1059 1109 1105 commune
1129 1057 1198 1124 pro-

288 1125 398 1192 srdium
421 1132 470 1208 et,
494 1127 689 1207 quantumin
713 1128 781 1210 ipso
803 1135 870 1206 est,
900 1125 1044 1190 disturbat
1066 1127 1132 1189 vite
1153 1141 1198 1186 so-

289 1212 437 1274 cietatem.
474 1209 542 1273 Non
560 1210 639 1273 enirn
654 1229 817 1293 possumus
836 1210 936 1272 omnia
976 1227 1010 1272 er
1025 1228 1084 1273 nos
1102 1223 1198 1306 operm

288 1294 366 1359 elius
392 1294 423 1357 in
446 1294 503 1357 alie
527 1300 574 1357 est
600 1306 635 1356 re
666 1296 763 1378 magis
791 1294 891 1370 utilis;
933 1229 1049 1356 iXoireo
1063 1291 1198 1356 amicitie

288 1383 515 1461 comparantur,
552 1383 586 1440 ut
615 1395 774 1441 commune
795 1376 983 1440 commodum
1005 1377 1118 1440 mutuis
1140 1372 1198 1438 olli-
1238 1431 1239 1434 ,

227 1463 279 1515 112
291 1461 347 1526 uiis
376 1463 571 1546 gubernetur.
635 1462 714 1536 Quid
735 1461 854 1545 recipis
878 1460 1068 1539 mandatum,
1112 1459 1137 1523 si
1160 1460 1199 1520 aut

289 1544 484 1629 neglecturus
506 1551 556 1610 aut
576 1545 614 1608 ad
631 1552 713 1610 tuum
728 1543 917 1610 commodum
931 1560 1135 1608 conversurus
1147 1537 1197 1603 es?

289 1627 353 1693 Cur
379 1630 452 1694 milri
471 1635 501 1692 te
525 1629 619 1693 oliors
643 1648 680 1692 ao
701 1631 778 1693 meis
799 1627 965 1692 commodis
988 1626 1091 1690 ollioio
1114 1627 1197 1690 sinu-

275 1713 350 1778 ,Ιιιο
374 1713 473 1776 ofsrois
494 1719 523 1776 et
545 1713 674 1776 obstas?
696 1712 816 1777 lleoede
838 1710 875 1774 de
897 1709 1016 1787 medi03
1039 1730 1099 1793 per
1120 1709 1197 1772 aliun

287 1797 464 1880 transigam.
515 1795 651 1876 Susoipis
684 1813 761 1859 onus
797 1793 908 1873 oflicii,
950 1794 1033 1874 quod
1063 1801 1094 1858 te
1124 1797 1197 1875 putas

287 1881 439 1945 sustinere
459 1896 562 1961 posse,
588 1879 669 1960 quod
686 1880 808 1942 minime
832 1878 949 1942 videtur
970 1896 1065 1960 grave
1088 1871 1197 1955 tingui
1238 1913 1239 1940 r

175 1945 224 2018 39
285 1963 411 2026 minime
433 1963 493 2045 ipsi
523 1962 607 2025 leves
634 1969 712 2026 sunt.
760 1964 843 2046 Ergo
873 1961 987 2027 ideireo
1016 1963 1114 2044 turpis
1144 1959 1197 2021 ιιι
1238 1995 1239 2000 1

286 2046 376 2129 eulpa
398 2051 460 2123 est,
493 2045 574 2127 quod
597 2045 671 2110 duas
691 2065 743 2109 res
764 2047 968 2110 sanctissimas
987 2045 1100 2125 violat,
1132 2041 1197 2106 ami·
1238 2121 1239 2130 ἵ

286 2131 386 2194 oitiam
405 2134 435 2192 et
457 2127 563 2206 bdem3
604 2147 673 2192 nam
694 2147 794 2212 neque
816 2129 935 2193 mandat
957 2129 1121 2210 *quisquam
1143 2125 1197 2188 lere
1238 2149 1239 2174 ι

286 2215 346 2277 nisi
368 2214 476 2290 amieo,
509 2229 609 2294 neque
635 2214 731 2277 eredit
750 2214 811 2278 nisi
832 2214 872 2291 ei,
901 2229 990 2295 quem
1012 2211 1131 2276 fidelem
1147 2226 1197 2291 pu-

234 2308 237 2319 ·
286 2302 340 2360 tat·
379 2295 577 2360 Perditissimi
606 2305 653 2360 est
675 2299 769 2380 igitur
794 2295 924 2360 hominis
951 2296 1040 2360 simul
1071 2305 1103 2359 et
1132 2291 1197 2357 aml-

274 2379 386 2444 'oitiom
407 2379 576 2443 dissolvere
599 2387 630 2443 et
651 2379 759 2444 fallere
783 2399 863 2459 eum,
885 2379 938 2461 qui
961 2379 1050 2442 laesus
1072 2398 1134 2444 non
1153 2391 1197 2437 es-

224 2469 275 2525 113
288 2470 351 2542 set,
385 2463 444 2528 nisi
466 2462 653 2526 credidisset.
696 2463 780 2528 ltone
807 2464 876 2528 est?
909 2463 943 2526 ln
963 2463 1096 2527 minimis
1117 2461 1197 2525 rebus

286 2548 346 2630 quil
363 2547 532 2613 mandatum
562 2547 752 2630 neglexerit,
783 2548 958 2630 turpissimo
988 2546 1103 2612 iudicio
1131 2559 1197 2607 oon-

287 2633 445 2695 demnetur
464 2647 593 2692 neeesse
618 2637 681 2694 est:
725 2633 758 2694 in
778 2649 815 2694 re
834 2637 934 2709 tantu,
965 2649 1056 2720 quum
1079 2632 1128 2708 is,
1157 2622 1197 2688 oui

285 2714 366 2780 inmo
386 2713 516 2792 mortui,
547 2712 677 2777 iortrrnae
705 2715 767 2778 vivi
793 2713 1006 2778 commendatae
1029 2721 1099 2778 sunt
1120 2718 1197 2792 atqua

286 2797 487 2875 concredito,
513 2797 523 2858 i
568 2797 680 2880 ominis
700 2799 909 2862 ιιιοιιιιιιιιιι*ι
931 2797 1084 2875 offecerit,
1109 2799 1138 2878 is
1154 2795 1196 2855 in-

285 2889 334 2944 ter
361 2883 506 2944 honestos
554 2881 670 2943 omines
696 2888 785 2964 atque
813 2882 890 2945 odeo
920 2881 1001 2944 inter
1029 2882 1117 2948 vinos
1146 2893 1197 2940 nu·

285 2964 473 3028 morabitur?
526 2961 561 3026 ln
603 2964 733 3028 minimis
768 2967 960 3048 privatisque!
994 2965 1087 3028 rebus
1119 2962 1196 3026 etium

283 3047 473 3132 negligentia
493 3046 526 3110 in
547 3047 661 3111 crimen
682 3048 909 3130 iudiciumque²
932 3056 1103 3134 renouatur,
1129 3060 1196 3129 pro·

283 3139 389 3215 pterea
413 3131 505 3212 quod,
537 3131 564 3194 si
587 3132 692 3194 nectet
724 3131 784 3211 liat,
818 3133 902 3197 illurn
926 3133 1086 3216 negligere
1110 3142 1194 3214 opor-

284 3222 363 3294 teat,
396 3215 448 3297 qui
468 3212 634 3293 mandarit,
668 3233 730 3280 nou
751 3217 853 3296 illum,
886 3215 938 3298 qui
961 3215 1131 3280 mandatum
1150 3226 1195 3272 re·

284 3298 418 3382 coperit:
469 3298 502 3360 in
532 3314 568 3358 re
599 3303 700 3378 ιιηιι,
743 3318 810 3384 quae
841 3300 966 3383 publice
998 3306 1085 3382 gesta
1117 3303 1195 3376 atque

285 3383 444 3446 commissa
477 3380 532 3457 sit,
575 3381 627 3461 qui
655 3400 718 3446 non
749 3385 938 3468 negligentia
968 3383 1121 3464 privatum
1145 3376 1194 3441 ali-

283 3466 365 3548 quod
397 3461 587 3528 oommodum
620 3465 754 3549 laeserit,
798 3467 855 3532 sed
886 3465 1014 3549 pertidia
1043 3459 1194 3550 legationis
1238 3539 1239 3554 χ

195 3649 201 3666 ,
320 3605 492 3672 ¹ignominia
518 3615 664 3675 mortuum,
692 3619 811 3678 egestate
839 3609 926 3662 vivum
948 3609 990 3662 ali.
1026 3625 1040 3661 e
1065 3604 1195 3670 vadiet

218 3740 222 3752 .
316 3674 452 3728 Iannoctii.
475 3705 479 3715 ·
508 3675 522 3708 ¹
549 3679 576 3730 in
602 3680 701 3732 crimen
728 3675 864 3744 [mandati]
888 3679 1032 3747 iudiciique
1061 3677 1191 3732 inlumina·

317 3744 402 3806 (codd.
421 3747 519 3804 crimen
538 3749 653 3801 mandati
669 3750 848 3816 iudiciumque
868 3749 975 3804 infamia
992 3757 1056 3802 out:
1078 3746 1192 3802 iudicium

315 3813 443 3880 iufamia).
498 3817 638 3871 3ιιιίιιιι.
