2468 4318
262 185 298 262 m
522 204 882 262 .onnnrorn

266 380 339 446 iore
356 375 553 462 diligentiam,
576 383 688 442 mutam
709 377 741 442 in
761 371 851 444 iotis
876 381 1099 462 auctoritatem,
1119 391 1179 450 tan·

265 472 326 530 tam
348 463 380 526 in
402 463 553 544 equitibus
575 462 716 526 Romanis
739 464 900 542 virtutem,
934 471 1043 530 tantam
1067 468 1101 532 in
1123 487 1180 531 om-

264 548 354 612 nibus
375 546 465 608 bonis
487 547 738 624 consensionem,
773 555 807 611 ut
836 545 971 612 Catilinae
1001 550 1182 632 profectione

266 631 368 778 ougnia
389 629 549 712 patefacta,
573 630 737 711 illustrata,
758 648 925 715 oppressa,
948 633 1101 699 vindicata
1124 653 1182 698 essa

266 716 297 779 ui
318 714 404 778 catis.
702 723 707 738 ¹

221 806 257 856 aa
356 796 448 859 Hisce
470 793 637 874 ominibus,
662 794 807 876 Catilina,
837 791 1040 864 consumma
1061 801 1110 878 rei
1133 817 1182 882 pu-

267 880 355 946 blicae
387 879 485 943 salute
506 883 540 946 et
567 897 635 942 oum
665 886 716 943 tua
737 888 824 963 peste
846 901 883 945 ac
905 885 1043 965 pernicie
1068 899 1184 964 eumque

186 1003 189 1010 ·
268 982 375 1028 eorum
405 962 516 1039 exitio,
554 964 606 1043 qui
637 982 672 1026 se
694 971 793 1028 tecum
815 967 897 1028 omni
918 967 1050 1030 scelere.
1063 967 1183 1050 parrici-

269 1047 382 1129 dioque
403 1049 575 1123 iunxerunt,
602 1046 798 1129 proficiscere
820 1048 858 1111 ad
880 1049 1006 1131 impium·
1025 1052 1139 1114 bellum
1157 1067 1184 1110 ac

269 1130 428 1195 nefarium.
464 1129 539 1190 Tum
559 1136 601 1208 tu,
624 1131 768 1212 luppiter,
790 1133 841 1214 qni
858 1133 976 1211 iisdem,
1002 1134 1185 1216 quibustuae

270 1215 363 1293 urbs,
384 1213 528 1294 auspiciis
548 1232 565 1275 a
586 1213 718 1287 Romulo¹
735 1233 769 1278 es
792 1217 989 1296 constitutus,
1012 1237 1106 1300 quem
1127 1217 1185 1282 Sta-

271 1306 369 1363 torem
390 1297 479 1360 huius
512 1292 595 1360 urbis
628 1305 718 1379 atque
747 1300 868 1381 imperii
894 1318 969 1362 vere
996 1303 1185 1373 nominamus,

142 1449 145 1461 ,
271 1381 353 1445 hunc
375 1389 406 1444 et
424 1380 513 1444 huius
536 1383 638 1444 socios
662 1400 679 1444 a
701 1384 761 1445 tuis
783 1383 843 1444 aris
865 1385 1037 1466 ceterisque
1068 1383 1185 1466 templis,

158 1483 167 1496 ·
272 1485 290 1528 a
309 1465 395 1528 tectis
417 1464 501 1529 urbis
521 1482 556 1527 ac
573 1466 742 1543 moenibus,
768 1467 860 1528 avita
877 1466 1074 1548 fortunisque
1090 1469 1186 1531 civim

272 1549 405 1612 omnium
420 1547 548 1624 arcebis,
570 1555 601 1611 et
615 1547 753 1612 homines
773 1549 922 1612 bonorum
941 1551 1084 1616 inimicos
1096 1547 1118 1629 ¹,
1138 1549 1185 1612 ho-

272 1639 335 1696 stes
359 1634 479 1715 patrie,
508 1631 643 1694 latrones
667 1631 775 1709 ltaiiae,
792 1633 950 1696 scelerum
965 1632 1102 1698 ·soadcre
1122 1635 1186 1696 inter

187 1775 192 1784 .
272 1736 307 1782 se
331 1735 368 1803 ac
387 1716 503 1780 nefaria
530 1715 674 1778 societate
699 1717 895 1794 coniunctos,
929 1719 1051 1782 eternis
1075 1715 1186 1800 suppli-

274 1799 330 1864 ciis
352 1801 439 1866 vivos
461 1803 656 1880 mortuosque
677 1799 830 1864 mactabis.
970 1805 971 1810 ’

491 1996 942 2020 -κ--ι--ιιῇιιι--σ--η

571 2164 942 2239 onusto*
1021 2181 1023 2185 ’

156 2365 160 2375 ·
277 2320 503 2420 1N1L.
564 2317 1187 2423 unuln-lnam

143 2513 145 2527 ’
244 2529 246 2534 ’
606 2511 871 2608 snouuon

650 2609 770 2752 ,Ap

554 2805 937 2884 corneres.-

251 2913 292 2956 ..ν
319 2911 330 2950 r

210 2967 231 3037 1
254 2983 268 3032 ι
290 2912 438 3024 lancem
463 2961 635 3044 aliquando,
657 2962 809 3041 omnies,
833 2963 865 3026 n.
883 2960 1066 3038 ommam,
1090 2959 1186 3022 ruren-

280 3059 340 3113 tem
365 3050 500 3126 audacia,
530 3048 630 3112 scelus
654 3050 852 3128 anhelantem,
878 3047 1120 3131 pestempatriae
1139 3060 1186 3105 no-

278 3134 356 3196 farie
379 3134 568 3210 molientem,
600 3133 686 3195 vobis
710 3140 798 3214 atquc
822 3133 892 3196 huic
914 3130 982 3193 urbi
1002 3128 1087 3192 ferro
1110 3129 1185 3194 iiam·

277 3215 411 3300 maque²
434 3215 635 3289 minitantem,
653 3235 692 3278 ex
712 3217 787 3279 urbe
809 3217 859 3279 vel
877 3210 1023 3292 ,eiecimus
1049 3215 1098 3276 vel
1119 3209 1185 3274 emi-

238 3349 240 3356 r
278 3303 372 3366 simus
388 3300 435 3364 vei
454 3303 553 3385 ipsum
574 3300 780 3382 egredientem
798 3301 899 3364 verbis
914 3297 1068 3382 prosecuti
1087 3307 1184 3383 sumus

278 3385 378 3464 Abiit,
400 3383 557 3461 excessit,
571 3385 683 3462 evasit,
708 3385 814 3466 erupit.
856 3383 945 3448 Nulla
965 3381 1025 3442 iam
1047 3378 1185 3461 perniercs

279 3475 453 3532 amonstro
475 3468 527 3532 illo
552 3473 640 3547 atqua
661 3467 803 3550 prodigio
828 3467 985 3531 moenibus
1016 3463 1092 3544 ipsis
1120 3462 1184 3522 intra

279 3553 400 3616 moenia
429 3550 660 3633 comparabitur.
722 3550 822 3638 Atque
852 3552 932 3618 huuc
960 3546 1081 3631 quidem
1106 3557 1184 3608 unum

272 3768 276 3774 '
320 3760 422 3812 ¹c⁰dd.
442 3785 473 3798 *-
493 3778 585 3816 omncs
603 3761 733 3840 bonorum
751 3761 886 3817 inimicos
959 3759 1096 3811 ²icarum
1121 3753 1182 3810 tam-

248 3869 251 3880 ,
317 3845 445 3898 mamque.
