2546 4310
183 247 870 315 ra-osnxsaoscroausaauo.
976 235 1039 318 ι’
1156 277 1160 296 ,
1243 259 1244 268 ¹

153 425 297 492 conflauit
314 425 375 493 hcc
395 426 568 506 iudicium,
588 427 701 492 mentio
730 426 811 494 iacta
841 428 904 494 non
934 435 991 510 est.
1094 499 1099 508 ,

69 443 137 584 ffic
157 527 209 576 ros
234 527 271 574 aa
294 510 362 574 cst?
406 509 492 574 Bono
515 511 611 592 patris
635 510 762 576 huiusce
786 510 856 576 Sex.
877 511 1046 592 Rosciis.
1111 593 1115 598 Ι
1212 549 1214 558 ,

67 611 131 675 quc
151 598 221 660 sunl
240 595 402 677 sexagies,
441 612 508 676 quae
530 594 568 658 de
589 595 656 659 viro
678 594 847 660 fortissimo
869 602 900 660 ct
923 597 991 662 cla-

66 679 183 742 rissimo
219 677 252 740 L.
286 677 386 756 Sulla,
442 697 531 760 quem
566 677 693 742 honoris
728 698 820 744 causa
855 682 992 758 nomino,

68 761 179 826 duobus
216 761 339 826 milibus
375 781 528 827 nummum
562 779 633 824 sose
668 763 740 826 dicit
771 764 883 828 emisse
913 763 992 828 ado-

67 844 182 908 lescens
203 845 254 908 uel
277 846 504 927 potentissimus
527 845 587 908 boc
606 851 743 930 tempore
771 854 884 911 nostra
912 847 992 910 civi·
1046 915 1053 940 ι

67 929 144 1008 tatis,
173 927 208 990 L.
235 926 397 992 Cornelius
417 928 645 1012 Chrysogonus.
694 930 722 994 ls
743 931 879 1009 avonis,
909 931 993 995 iudi-

68 1029 126 1091 ces,
146 1012 207 1076 hoo
227 1012 370 1094 postulat,
401 1018 444 1091 ut,
467 1013 608 1095 quoniam
629 1016 661 1078 ln
684 1014 812 1078 ahenam
833 1015 994 1096 pecuniam

67 1100 121 1158 nm
144 1095 267 1178 plenam
299 1101 388 1177 atquc
418 1097 596 1179 preclaram
624 1098 711 1162 nullo
740 1098 819 1186 iure!
837 1098 993 1184 invaserit,

68 1179 993 1346 indistinctittltnltlnlttttltllttld

346 1309 355 1341 θ

68 1361 179 1410 omnem
202 1352 378 1428 metumque
399 1347 530 1424 tollalis5
562 1366 644 1428 seso,
666 1347 726 1412 hoc
747 1349 904 1426 incolumi,
927 1363 993 1412 non

68 1429 221 1494 arbitratur
241 1430 334 1494 huius
357 1431 530 1495 innocentis
550 1433 765 1516 patrimonium
786 1437 846 1495 tam
861 1431 993 1513 amplum

68 1517 96 1576 ct
126 1513 285 1596 copiosum
317 1530 411 1596 posse
436 1515 599 1592 obtinere3
647 1515 788 1580 damnato
819 1522 851 1578 ct
882 1515 994 1590 eiecto,

68 1605 164 1680 sperat
185 1614 357 1680 sapesso,
436 1596 475 1660 od
506 1597 634 1680 adeptus
663 1604 710 1662 est
729 1616 787 1679 pec
807 1597 928 1675 scelus,
961 1596 994 1662 ld

68 1695 118 1760 pcr
139 1680 292 1746 luxuriam
313 1698 331 1744 e
394 1615 471 1743 Ἆὲιο
492 1687 584 1763 atque
605 1697 797 1744 consumere.
832 1679 919 1764 Hunc
934 1679 994 1743 sibi

69 1779 104 1826 ex
125 1765 223 1828 auimo
248 1764 436 1847 scrupulum,
461 1765 572 1848 quise
595 1764 661 1828 dics
678 1770 845 1845 noctesque
861 1762 995 1828 stimulat
1105 1795 1116 1838 ,-

69 1863 101 1909 ao
119 1848 243 1932 pungit,
276 1852 314 1910 ut
333 1847 487 1927 evellatis,
510 1848 664 1932 postulat,
693 1853 727 1910 ut
750 1846 789 1911 nd
809 1846 887 1911 hanc
907 1861 994 1912 suam

69 1931 191 2010 predam
227 1939 291 1998 tam
322 1929 470 1995 nefariam
502 1931 658 1995 adiutores
692 1947 748 1995 uos
782 1929 992 2012 profiteamini.

70 2011 100 2076 Si
117 2015 200 2080 uobis
222 2034 314 2100 equa
335 2022 366 2078 ct
386 2015 516 2078 honesta
529 2015 695 2097 postulatio
712 2013 845 2094 uidetur,
863 2012 1020 2092 iudicas?

70 2112 123 2180 ego
146 2105 250 2164 contra
268 2100 408 2163 *brevem
440 2097 674 2180 postulationem
701 2097 797 2162 attero
825 2103 856 2160 ct
872 2152 877 2161 ,
896 2095 992 2178 (quo-
1132 2167 1136 2174 p

71 2180 152 2246 nodo
179 2183 253 2246 milui
284 2181 470 2267 persuadeo)
501 2182 653 2264 aliquanto
683 2182 858 2264 aequioram.
921 2179 992 2246 Pri-
1037 2169 1061 2242 3

71 2273 182 2330 numa
209 2266 415 2350 Chrysogono
444 2271 535 2349 peto,
576 2271 611 2329 ut
639 2266 771 2348 pecunia
799 2263 992 2344 fortunisque

71 2349 173 2412 nostris
195 2355 357 2414 contentus
381 2349 431 2425 sit,
461 2349 641 2433 sanguinem
663 2355 694 2412 et
716 2349 866 2411 vitamne
889 2353 991 2429 potatu

72 2427 204 2496 deindca
225 2434 335 2511 vobis,
369 2432 503 2511 iudices,
539 2439 573 2496 ut
596 2431 753 2497 audacium
774 2430 888 2495 sceleri
908 2431 992 2493 rasi·
1118 2459 1126 2478 ·

72 2513 159 2593 statis,
189 2516 397 2580 innocentium
421 2517 620 2580 calamitatem
642 2515 762 2594 levetis,
795 2519 826 2576 et
846 2515 879 2576 in
900 2530 1017 2604 causa,

72 2593 135 2660 Sex.
153 2597 255 2662 Roscii
278 2599 466 2683 periculum,
499 2599 581 2682 quod
602 2601 634 2663 in
658 2596 791 2662 ornnesl
819 2597 993 2670 intenditur,

73 2681 255 2762 propulsatis.
305 2682 394 2756 Quod
422 2683 449 2746 si
478 2689 528 2746 ant
556 2701 648 2746 causa
678 2679 812 2745 criminis
843 2684 893 2744 aut
922 2678 1018 2744 factis

73 2764 196 2844 suspicio
220 2772 272 2831 aut
296 2766 438 2849 quelibet
467 2766 598 2849 denique
627 2764 678 2829 vel
705 2765 828 2828 minima
854 2781 906 2828 res
938 2781 994 2827 rm

75 2847 215 2928 periatur,
254 2850 453 2931 quamobrem
475 2851 635 2914 videantur
657 2849 702 2912 illl
726 2844 863 2912 nonnihil
894 2855 994 2912 tarsen

30 2955 35 2962 ·
75 2926 283 2998 indolerendo
305 2934 429 2998 nomine
451 2936 558 3012 secuti,
582 2939 737 3016 postremo
759 2933 787 2996 si
799 2939 911 3014 proter
926 2949 994 2994 cam

75 3012 207 3095 predam,
232 3035 331 3100 quarn,
345 3017 420 3093 dixi,
451 3017 614 3100 quidquam
636 3016 718 3080 aliud
742 3032 841 3079 causac
864 3017 994 3080 invene„-

76 3093 149 3175 ritis‚
187 3117 249 3164 non
279 3117 475 3180 recusamus,
516 3102 590 3183 quin
617 3101 741 3164 illorum
772 3099 890 3163 libidini
923 3097 994 3163 Sex.

77 3173 168 3244 lloscii
187 3183 248 3247 vita
270 3183 398 3248 dedatur
405 3205 414 3262 ;
457 3186 507 3249 sin
528 3184 611 3248 aliud
633 3203 650 3246 a
674 3185 737 3247 itur
757 3183 850 3260 nihil,
878 3182 939 3246 nisi
960 3187 994 3244 ut

78 3258 166 3327 iisne
189 3266 262 3348 quid
283 3268 372 3346 desit,
397 3269 509 3350 quibus
529 3268 603 3332 satis
626 3203 703 3330 affuit
726 3273 791 3343 cst3
812 3267 840 3331 si
857 3267 917 3330 hoc
937 3281 993 3327 so-

79 3340 132 3407 lum
159 3347 217 3412 hoc
248 3358 387 3436 tempore
416 3358 601 3436 pugnatur,
619 3357 655 3438 ut
681 3350 719 3414 ad
750 3351 833 3414 illam
864 3350 994 3431 opirucm

80 3429 301 3518 lraeclaramque
334 3436 467 3518 predam
501 3436 652 3499 damnatio
681 3433 752 3500 Sex.
779 3433 883 3496 Roscii
913 3430 996 3494 velut

53 3514 202 3579 =amulas
224 3519 365 3598 accedat,
400 3535 503 3582 nonne
526 3537 618 3602 quum
634 3519 731 3582 multa
751 3517 908 3598 indigna,
931 3518 994 3576 tum

82 3589 124 3655 uel
142 3595 198 3662 hoc
217 3601 461 3686 indignissimum
482 3611 539 3682 est,
562 3620 618 3668 vos
639 3603 768 3666 idoncos
788 3599 917 3675 habitos,
938 3614 996 3678 per

84 3689 197 3756 quorum
217 3687 383 3751 sententias
405 3688 516 3772 iusque
539 3686 698 3755 iurandum
725 3683 758 3750 id
787 3688 995 3766 assequantur,
1064 3723 1068 3738 ,

86 3796 298 3826 Ἣ-

116 3861 125 3894 ¹
146 3867 173 3920 F·
192 3875 262 3939 quod
280 3873 402 3932 omnibus
422 3895 453 3932 cc
471 3887 533 3933 cccl.
549 3885 609 3932 cett.
629 3873 686 3930 edd.

758 4011 806 4074 1⁸³,
