2468 4318
272 223 308 274 cc
534 189 538 200 '
617 217 851 280 omnnio

274 388 329 454 Cn.
367 389 542 472 Pompeium
585 391 799 474 imperatorem
838 389 1044 475 depoposcit?
1099 389 1188 474 itaque

273 481 306 536 ut
325 473 413 556 plura
432 491 494 536 non
516 472 632 552 dicam,
666 493 766 556 neque
799 474 928 540 aliorum
950 475 1104 556 exemplis
1125 493 1189 539 con-

273 557 407 636 firmem,
450 559 614 638 quantum¹
651 559 813 622 auctoritas
835 560 934 622 valcat
957 559 989 622 in
1019 558 1127 636 bello,
1161 557 1189 640 ait

274 641 382 705 codem
425 639 479 702 Cn.
512 639 657 723 Pompeio
692 643 825 710 omnium
860 660 963 704 rerum
1001 642 1190 724 egregiarum

274 724 413 806 exempla
440 729 603 786 sumantur.
660 724 718 798 Oui
742 743 803 806 quo
827 725 876 788 die
898 745 915 788 a
938 726 1026 814 vobip
1051 725 1189 786 maritimo

272 807 356 871 bello
377 807 557 889 prepositus
580 815 628 870 est
650 809 831 889 imperator,
861 815 942 872 tanta
970 815 1106 891 repente
1130 808 1191 870 uili-

274 898 320 953 tas
344 907 471 953 annonae
490 909 528 952 cx
544 909 660 954 summa
683 893 786 973 inopia
810 897 840 954 et
858 893 982 956 caritate
995 894 1045 954 rei
1062 890 1192 954 frumen-

274 974 357 1036 toriae
375 981 538 1036 consecuta
562 980 617 1053 cst,
640 976 729 1040 unius
753 974 883 1039 hominis
905 994 960 1058 spe
985 978 1042 1038 ac²
1070 974 1192 1047 nomine,

274 1055 414 1139 duantam
446 1058 498 1120 vix
528 1076 567 1119 ex
594 1077 709 1120 summa
733 1058 869 1122 ubertate
892 1076 1037 1143 agrorum
1061 1059 1192 1122 diuturna

228 1160 334 1224 pupas
356 1139 478 1203 eiiiocre
500 1142 656 1223 potuisset.
703 1140 775 1218 lam,
797 1148 920 1224 accepta
941 1145 974 1204 in
995 1143 1098 1206 Ponto
1120 1139 1192 1202 cala-

274 1230 375 1288 mitate
399 1241 498 1286 exeo
523 1225 654 1306 proelio,
680 1225 717 1287 de
739 1242 799 1307 quo
821 1243 876 1288 vos
899 1225 1001 1308 paullo
1024 1233 1099 1288 ante
1122 1222 1193 1286 inri-

273 1315 320 1374 tus
333 1307 493 1384 admonui,
513 1327 603 1388 quum
626 1309 703 1371 socii
717 1309 953 1390 pertimuissent,
976 1307 1116 1372 hostium
1130 1318 1192 1386 opes

274 1392 425 1473 animique
448 1393 625 1470 crevissent,
645 1393 718 1454 satis
739 1391 855 1456 firmum
876 1392 1052 1475 presidium
1072 1389 1190 1474 prouin-

274 1476 321 1541 cia
341 1493 403 1538 non
423 1474 558 1552 haberet,
579 1476 756 1538 amisissetis
779 1477 893 1552 Asiam,
918 1475 1065 1554 Quirites,
1088 1473 1147 1537 nisi
1162 1467 1192 1531 ad

272 1559 370 1642 ipsum
395 1558 557 1622 discrimen
579 1560 645 1623 eius
666 1560 810 1640 temporis
832 1559 998 1623 divinitus⁸
1027 1557 1087 1622 Cn.
1110 1557 1190 1618 Pon-

272 1644 375 1725 peiunr
399 1641 437 1704 ad
458 1661 510 1706 eas
532 1643 677 1725 regiones
699 1641 820 1706 tortum
836 1643 942 1724 populi
964 1641 1097 1706 Romani
1122 1645 1191 1702 attu-

210 1773 214 1788 .
273 1726 366 1789 iisset
401 1725 496 1788 Huius
514 1726 659 1788 adventus
678 1732 707 1787 ct
723 1724 922 1788 Mithridatem
940 1727 1064 1789 insolita
1081 1723 1190 1788 initam-

272 1817 383 1872 maium
406 1809 532 1871 uictoria
553 1809 700 1871 continuit
723 1814 753 1873 et
776 1809 938 1891 Tigranem
958 1811 1080 1892 magnis
1104 1803 1189 1885 copiis

273 1894 456 1955 minitantem
478 1892 560 1955 Asiae
581 1891 751 1954 retardavit.
797 1893 836 1956 Et
855 1893 1014 1974 quisquam
1039 1887 1190 1960 dubitabit,

274 1975 345 2057 qnid
369 1977 477 2037 virtute
498 1974 690 2058 perfecturus
713 1977 771 2053 sit,
803 1977 855 2058 qui
883 1982 1000 2056 tannim,
1018 1973 1188 2040 auctoritate

272 2058 481 2141 perfeceriti4
508 2065 558 2121 aut
579 2077 667 2140 quam
689 2059 780 2122 facile
802 2060 929 2142 imperio
952 2066 1041 2141 atque
1063 2053 1189 2120 exercitu

274 2144 375 2206 socios
400 2148 429 2203 ct
453 2143 612 2224 vectigalia
634 2149 868 2206 conservaturus
892 2143 940 2221 sit,
971 2144 1022 2226 qui
1046 2143 1117 2224 ipso
1137 2153 1187 2200 no·

163 2213 211 2285 16
228 2227 355 2287 semine
378 2243 414 2287 ao
440 2243 563 2288 rumore
581 2225 786 2306 defenderit?
833 2227 902 2310 Age
932 2244 1025 2304 vero,
1061 2225 1118 2288 illa
1146 2233 1188 2281 res

274 2314 414 2390 quantam
444 2309 576 2372 declarat
599 2309 734 2372 eiusdem
757 2309 887 2372 hominis
909 2310 988 2391 apud
1011 2310 1118 2373 hostes
1138 2319 1189 2385 po-

274 2392 337 2475 puii
358 2391 485 2456 Romani
508 2393 732 2470 auctoritatem,
772 2393 855 2474 quod
879 2411 918 2456 ex
941 2395 1017 2456 iocis
1042 2399 1104 2456 tam
1125 2389 1185 2450 lon-

297 2476 396 2558 inquis
418 2485 539 2558 tamque
564 2476 692 2538 diversis
723 2483 781 2538 tam
811 2477 897 2538 brevi
923 2483 1060 2558 tempore
1092 2481 1202 2560 omnes¹

273 2497 344 2624 finio
367 2579 402 2624 se
424 2561 502 2624 uni⁶
536 2558 739 2622 dediderunt?
773 2557 1185 2640 procursurum-tegat,

274 2663 365 2727 quum
389 2645 420 2706 in
442 2662 547 2707 eorum
566 2642 665 2706 insula
680 2650 786 2705 noster
800 2643 965 2724 imperator
982 2644 1185 2717 exercitusque

274 2732 374 2804 esset,
419 2727 456 2790 ad
480 2725 534 2788 Cn.
555 2725 730 2808 Pompeium
763 2727 795 2789 in
824 2728 943 2791 ultimas
970 2744 1069 2808 prope
1098 2731 1184 2786 terms

272 2817 437 2888 venerunt,
472 2810 560 2890 eique
584 2827 618 2872 sc
641 2827 746 2872 omncs
771 2808 957 2875 Cretensium
980 2811 1115 2873 civitates
1136 2802 1183 2865 dc-

272 2894 346 2956 dcre
367 2895 446 2956 velie
471 2893 635 2955 dixerunt?
666 2891 771 2966 Quid?
803 2893 883 2956 idem
906 2894 989 2959 iste⁶
1011 2889 1184 2956 Mithridates

270 2994 373 3039 nonne
402 2977 441 3039 ad
463 2976 590 3039 cundem
615 2973 669 3038 Cn.
690 2975 865 3058 Pompeium
889 2979 1021 3061 legatum
1043 2967 1182 3058 usquein

270 3057 443 3141 Hispaniam
456 3059 563 3123 misit?
585 3077 664 3136 eum,
682 3077 770 3141 quem
788 3061 949 3144 Pompeius
965 3063 1097 3143 legatum
1111 3069 1183 3120 sern-

271 3142 511 3226 per·iudicavit;
557 3143 588 3221 ii,
619 3143 726 3224 quibus
748 3145 838 3206 erati
870 3143 1039 3221 molestum,
1066 3142 1104 3205 ad
1124 3149 1181 3199 cum

270 3225 459 3308 potissimum
489 3243 558 3288 esse
590 3226 732 3304 missum,
774 3228 995 3310 speculatorem
1023 3244 1111 3309 qnam
1141 3219 1180 3280 le·

270 3317 373 3392 gatum
395 3309 521 3373 iudicari
542 3309 735 3373 maluerunt?
765 3305 895 3374 Potestis
918 3312 1010 3395 igitur
1030 3311 1091 3372 iam
1115 3317 1181 3366 con-

271 3395 412 3472 stituere,
447 3393 598 3470 QuiriteS,
621 3393 700 3456 hauc
721 3395 945 3473 auctoritatem,
966 3394 1066 3458 multis
1088 3391 1180 3473 postet

270 3477 362 3566 rebus
386 3478 481 3560 gestis
503 3477 681 3560 magnisque
701 3479 810 3542 vestris
826 3478 955 3543 iudiciis
976 3474 1180 3560 amplificatam,

271 3617 501 3633 m

216 3685 219 3704 Κ
308 3690 466 3760 ¹qnantum
485 3691 613 3765 [huiuslg
651 3693 719 3746 ²2.
738 3720 774 3731 ——
793 3685 847 3747 et.¹
875 3695 957 3748 'nisi
976 3699 1061 3766 ipsum
1079 3689 1179 3749 i'dtcm·

306 3764 385 3826 poris.
425 3763 609 3832 ⁴profecerit
647 3765 710 3816 ⁸E.
735 3764 787 3816 Coi.
807 3789 840 3801 -
861 3767 904 3817 uni
925 3766 985 3820 huic
1003 3785 1041 3821 se.
1079 3761 1176 3816 ‘E‘

304 3832 366 3882 item
385 3834 451 3898 ipse.
510 3834 644 3902 ‘semper
665 3842 748 3887 erat‘
816 3903 819 3910 Ι
