2490 4316
306 209 398 266 PRO
427 211 462 278 Q.
490 209 701 266 LIGARIO.
916 216 968 268 m

56 381 198 464 proprium
225 383 255 444 et
281 401 386 447 uorum
414 401 530 446 noman
559 383 656 446 nostri
689 381 760 446 muli
786 383 930 464 queritur
943 384 965 462 ¹,

55 465 143 527 tatutis
164 466 295 546 quadam
317 467 469 531 calamitas
491 467 635 530 incidisse
656 466 775 530 videtur
795 471 827 528 et
845 469 964 548 impro-

54 547 128 612 vidas
149 547 300 612 hominum
321 557 437 612 mantes
460 553 669 632 occupavisse,
693 556 726 612 ut
748 566 838 612 nemo
859 552 977 614 mirari*

54 632 158 710 debent,
180 632 307 695 bumana
331 635 460 698 consilia
485 633 587 697 diuina
610 635 793 697 necessitato
815 649 891 706 csse,
906 652 963 698 su·

52 723 154 796 perata.
196 715 300 778 Liceat
317 735 386 780 esse
400 719 547 794 miseros3
570 735 749 799 quamquam
766 715 825 779 boc
845 718 964 781 uictore
975 723 1009 773 1³

52 817 191 862 essenon
213 817 385 882 possumus.
428 801 488 867 Sed
509 819 570 864 non
594 802 705 882 loquor
726 800 764 863 de
784 800 891 876 nobis3
923 799 963 864 do

51 881 104 943 iltis
125 884 243 965 loquor,
267 885 318 964 qui
337 883 522 948 occiderunt.
567 885 689 948 Fuerint
711 883 825 964 cupidi,
847 882 963 946 tuerint

51 965 118 1043 irati,
139 965 250 1029 suerint
265 971 447 1048 pertinaces,
470 969 597 1031 sceleris
618 985 693 1030 uero
715 968 852 1045 crimino,
870 966 962 1032 iuro-

50 1049 94 1124 ris,
114 1051 265 1130 parricidii
279 1051 370 1114 licoat
387 1051 441 1113 Cn.
454 1051 599 1132 Pompeio
619 1057 750 1129 mortuo,
772 1051 862 1114 liceat
879 1049 961 1114 mul·

50 1131 81 1192 tis
94 1133 156 1196 abiis
173 1152 289 1196 carere.
333 1135 460 1208 Quando
476 1135 535 1198 hoo
554 1137 712 1218 quisquam
731 1151 770 1197 ex
785 1139 825 1210 te,
847 1132 961 1211 Caesar,

48 1215 156 1293 audivit,
193 1223 244 1282 aut
265 1223 317 1280 tua
335 1219 407 1300 quid
424 1219 506 1282 aliud
527 1237 609 1282 arma
630 1219 793 1282 uoluerunt
810 1218 873 1280 nisi
893 1236 910 1280 a
930 1222 961 1280 tc

47 1299 243 1363 contumeliam
267 1302 476 1384 propulsare?
515 1301 595 1377 Quid
617 1303 682 1384 egit
713 1300 806 1366 tuus²
828 1301 976 1364 inuictus¹

47 1385 201 1461 exercitus,
234 1385 296 1446 nisi
325 1391 358 1450 ut
379 1404 467 1448 suum
498 1387 545 1449 ius
577 1391 712 1448 tueretur
732 1391 762 1447 et
783 1384 959 1467 dignitatem

46 1467 138 1528 tuam?
162 1467 269 1542 Quid?
292 1473 343 1546 tu,
365 1488 455 1550 quum
479 1488 585 1550 paoem
609 1487 679 1531 esso
702 1469 865 1549 cupiebas,
885 1466 959 1532 idne
1031 1529 1035 1538 ,

45 1549 153 1629 agebas,
172 1558 204 1614 ut
224 1552 279 1614 tibi
300 1571 367 1614 curn
385 1552 553 1631 sceleratis,
576 1571 614 1614 an
630 1557 663 1614 ut
680 1568 747 1612 cum
766 1551 855 1612 bonis
877 1549 958 1614 ciui-

44 1629 91 1694 bus
111 1635 311 1698 conueniret?
354 1635 427 1699 Mihi
450 1653 537 1713 uero,
561 1633 674 1713 Caesnr,
696 1641 746 1696 tua
765 1634 797 1696 in
819 1651 869 1696 rne
888 1651 957 1695 ma·
970 1643 1004 1691 te

43 1715 112 1778 nina
141 1720 247 1781 merita
273 1725 352 1781 tanta
381 1724 464 1780 carte
486 1735 548 1781 non
577 1718 771 1797 viderentur,
805 1717 903 1780 simo
924 1721 958 1778 ut

43 1800 209 1864 sceleratum
244 1820 261 1864 a
292 1808 322 1864 tc
353 1808 564 1864 conservatum
594 1807 740 1884 putarem.
795 1798 957 1874 Quomodo

43 1887 177 1948 autentu
198 1885 239 1947 de
261 1903 296 1948 re
317 1886 439 1965 publica
460 1885 540 1948 bene
561 1885 688 1948 moritus
707 1901 814 1962 esses,
837 1882 957 1964 quum³

42 1969 76 2027 tot
106 1969 272 2032 sceleratos
307 1968 453 2032 incolumi
487 1969 634 2051 dignitate
672 1985 743 2030 esse
775 1965 955 2030 voluisses?

41 2045 240 2114 Secusstonern
271 2058 303 2114 tu
333 2053 414 2114 iilum
437 2052 666 2128 existimavisti,
702 2050 825 2126 Caesur,
857 2049 956 2126 initio,

39 2149 92 2195 non
120 2135 252 2212 balbum,
281 2133 407 2216 neque⁴
428 2135 540 2198 hostile
562 2137 683 2212 odium,
713 2136 768 2199 sed
790 2133 880 2201 ciuile
904 2131 955 2196 di-

39 2217 186 2296 scidium⁵‚
207 2220 347 2299 utrisque
370 2219 561 2300 cupientibus
582 2238 647 2280 rem
663 2218 814 2301 publicam
829 2215 955 2293 saluam,

39 2299 85 2362 sed
103 2305 207 2382 partim
231 2302 388 2380 consiliis,
420 2303 528 2382 purtim
549 2302 656 2373 studiis
678 2320 695 2364 a
716 2301 867 2364 communi
890 2299 958 2363 uti·

39 2380 110 2447 litate
137 2385 357 2450 aberrantibus.
402 2383 574 2467 Principum
604 2385 737 2468 dignitas
767 2390 834 2447 erut
866 2400 955 2464 paena

38 2481 94 2545 par,
114 2488 172 2533 non
187 2487 245 2552 par
260 2467 393 2531 sortasse
410 2486 525 2548 eorrrm,
548 2469 600 2551 qui
615 2469 836 2550 sequebantur3
861 2481 953 2528 causa

38 2552 88 2612 turn
108 2553 207 2632 dubia,
225 2552 308 2634 quod
331 2558 397 2614 erat
415 2551 530 2633 aliquid
551 2553 582 2614 in
604 2559 732 2634 utruque
752 2557 849 2634 parte,
870 2547 953 2630 quod

38 2636 146 2711 probari
162 2642 289 2719 posset,¹
302 2654 383 2699 nunc
402 2637 511 2698 melior
526 2636 589 2698 ει6
605 2634 766 2698 iudicanda
785 2639 841 2711 est,
862 2649 953 2714 quam
1033 2657 1035 2662 v
1089 2684 1093 2691 .

36 2717 114 2781 otiam
134 2722 176 2784 dii
201 2719 396 2783 adiuverunt*
447 2718 576 2802 Cognita
608 2736 681 2782 vero
706 2717 867 2782 clementia
890 2721 952 2793 tua,

36 2801 93 2878 quis
120 2823 181 2867 non
209 2821 277 2866 earn
305 2804 464 2866 victorium
495 2802 622 2885 probet,
654 2803 687 2866 in
716 2819 776 2884 qua
804 2799 951 2864 occiderit

35 2898 112 2948 nomo
135 2889 194 2951 nisi
228 2886 386 2949 armatus?
429 2886 511 2966 Sed,
545 2892 579 2950 ut
600 2887 733 2949 omittam
761 2899 950 2948 communem
961 2863 1037 2940 207

35 2982 154 3042 causam,
178 2971 336 3033 veniamus
361 2970 399 3034 ad
422 2976 567 3033 nostram.
609 2969 712 3032 Utrum
735 2968 856 3031 tandem
879 2965 950 3030 exi-

35 3051 126 3116 stimas
147 3054 268 3117 facilius
292 3053 407 3132 fuisse,
438 3053 578 3131 Tubero,
604 3052 759 3134 Ligarium
781 3069 821 3114 ex
843 3048 951 3114 Africo

33 3135 118 3212 exire,
143 3157 181 3201 an
203 3154 260 3200 vos
284 3138 315 3200 in
335 3137 470 3202 Africam
488 3155 550 3200 non
571 3136 703 3200 uenire?
722 3135 949 3210 Poteramusne,

35 3213 162 3299 inquies,
186 3238 277 3302 quum
298 3227 423 3284 senatus
448 3220 644 3284 censuisset?
678 3219 711 3284 si
734 3238 783 3282 me
802 3217 949 3316 consulis,

32 3299 105 3364 nullo
126 3305 227 3368 modo.
271 3303 331 3369 Sed
352 3310 451 3369 tamen
466 3304 627 3387 Ligarium
652 3309 775 3366 scnntus
800 3302 880 3365 idem
898 3300 947 3362 te-

32 3392 152 3460 gaverat.
194 3389 295 3469 Atque
318 3389 369 3452 illa
388 3407 426 3450 eo
448 3397 586 3468 ternpore
601 3389 711 3471 paruit,
733 3405 824 3468 quum
837 3399 948 3466 parere

31 3472 137 3532 senatui
153 3491 283 3535 neccsse
305 3479 388 3547 erat3
413 3491 471 3536 vos
489 3471 585 3548 tunc⁷
606 3471 759 3553 paruistis,
781 3486 872 3549 quum
887 3484 947 3547 pa·
1038 3507 1042 3532 t

31 3551 83 3611 ruit
103 3572 202 3633 nemo,
225 3555 277 3638 qui
301 3557 407 3620 noluit.
454 3555 656 3638 Repreheudo
680 3552 797 3636 igitur?
823 3551 947 3614 Minimo

32 3673 249 3696 ...ἣ-ι·-

65 3743 221 3814 ¹qnnrntun
258 3752 408 3806 ’inuritis
425 3755 452 3815 „³
470 3749 501 3804 E.
516 3749 690 3804 colom—si.
729 3750 816 3801 *nom
848 3745 947 3799 ⁵codd.

56 3837 87 3851 -
106 3819 245 3873 dissidium.
285 3823 297 3854 ⁶
321 3833 394 3876 corte
415 3841 456 3876 ea.
498 3823 509 3853 '
530 3822 602 3875 codd.
624 3817 687 3888 (c.)
707 3843 741 3860 -
764 3829 827 3872 tum.
