2468 4318
247 177 299 231 ιιι
588 147 836 236 onnrro'
949 167 952 170 ·
1055 234 1057 242 ,

247 345 338 410 sisset
370 360 428 408 nec
450 340 536 408 vobis
558 346 617 406 tam
638 343 719 408 banc
738 343 924 408 salutarem¹
956 343 987 410 in
1009 343 1170 412 indicando

247 431 378 494 litteram
408 445 497 508 quam
528 427 611 489 illam
642 429 757 490 tristem
782 429 951 492 dedisset*
995 430 1068 492 Mihi
1097 451 1171 494 vero

249 511 303 590 Cn.
328 511 488 592 Pompeius
508 527 570 572 non
597 511 687 574 modo
707 511 782 574 nihil
809 515 932 594 gravius
954 521 1059 576 contra
1079 515 1172 577 blilo-

247 613 317 660 nem
333 595 495 672 iudicasse,
519 593 575 656 sed
597 595 685 656 etiam
707 595 846 658 statuisse
868 597 996 675 videtur,
1020 597 1095 678 quid
1116 615 1171 660 vos

247 679 280 744 in
298 677 459 742 iudicando
481 683 619 758 spectare
642 684 804 759 oporteret.
846 679 921 742 Nam
943 681 1073 762 quinon
1092 699 1172 763 poe-

247 781 315 826 nam
339 759 536 836 confessioni,
565 761 619 824 sed
644 760 852 824 defensionem
877 763 970 840 dedit,
999 763 1026 825 is
1048 781 1172 827 causam

201 851 237 901 16
248 845 384 910 interitus
414 843 623 925 querendam,
660 861 728 908 non
755 846 904 908 interitum
931 847 1053 929 putavit.
1111 847 1172 909 lam

221 929 322 992 =illud
344 929 410 1010 ipse
439 925 542 990 dicet²
575 926 734 1008 prolecto,
769 929 851 1008 quod
880 948 936 992 sua
957 935 1066 1011 sponte
1089 929 1172 1004 lecit,

159 991 185 1066 7
247 1013 394 1086 Publione
410 1010 516 1072 Clodio
533 1011 721 1074 tribuendum
735 1013 847 1092 putarit
861 1031 898 1076 en
910 1013 1047 1095 tempori.
1082 1013 1173 1076 Domi

246 1115 311 1162 suae
332 1095 537 1158 nobilissimus
562 1094 617 1172 vir,
639 1100 760 1158 senatus
779 1101 986 1178 propugnator
1002 1102 1094 1176 atque
1111 1097 1172 1159 illis
1232 1132 1233 1169 ;

84 1225 86 1230 ·
171 1235 207 1244 ..
248 1179 369 1262 quidem
389 1177 575 1258 temporibus
599 1196 686 1258 paene
705 1185 860 1258 patronus,¹
892 1179 1058 1242 avunculus
1081 1179 1172 1242 huius
1232 1248 1233 1263 χ

247 1263 356 1328 iudicis
379 1261 473 1323 nostri
487 1261 510 1337 ³,
542 1259 698 1323 fortissimi
719 1262 787 1340 viri,
810 1261 848 1322 Μ.
872 1260 1004 1339 Catonis,
1031 1263 1172 1325 tribunus

240 1346 347 1430 plebis
370 1344 407 1407 Μ.
431 1344 548 1406 Drusus
568 1347 687 1406 occisus
709 1352 765 1407 est.
818 1344 899 1407 Nihil
924 1345 962 1408 de
984 1346 1049 1408 eius
1074 1353 1172 1408 morte
1232 1342 1233 1349 '

246 1429 378 1512 populus
401 1427 575 1503 consultus,
611 1427 692 1489 nulla
724 1429 848 1508 quaestio
879 1428 998 1490 decreta
1022 1448 1039 1490 a
1063 1436 1172 1502 senatu

247 1519 303 1576 est.
354 1511 500 1584 Quantum
533 1511 643 1573 luctum
672 1511 704 1572 in
725 1510 782 1590 bac
802 1511 993 1574 urbe-fuisse
1014 1531 1031 1574 a
1055 1513 1172 1592 nostris

246 1595 383 1680 patribus
408 1595 597 1675 accepimus,
630 1613 720 1675 quum
751 1594 783 1656 P.
805 1594 968 1673 Africano,
1000 1595 1083 1658 domi
1108 1613 1173 1658 suaa

248 1679 435 1764 quiescenti,
466 1677 518 1740 illa
539 1684 685 1740 nocturna
705 1679 752 1740 vis
774 1684 855 1740 esset
875 1678 982 1741 illata?
1016 1679 1086 1759 quis
1109 1684 1174 1741 turn

247 1781 310 1824 non
327 1760 490 1843 gemuit‘l4
514 1763 581 1841 quis
599 1778 660 1824 non
685 1761 757 1822 arsit
778 1761 900 1839 dolore,
930 1780 1019 1843 quem
1040 1763 1174 1824 immor-

247 1845 348 1923 talem,
370 1845 396 1906 si
419 1843 484 1905 beri
505 1850 620 1924 posset,
645 1861 749 1906 omnes
772 1863 841 1906 esse
863 1851 1017 1927 cuperent,
1039 1847 1108 1907 eius
1132 1863 1174 1906 ne

247 1930 450 1992 necessariam
473 1927 593 2007 quidem
611 1933 812 2007 exspectatam
833 1947 901 1991 esse
917 1928 1071 1990 mortem?
1093 1928 1174 1990 Num

203 2015 237 2064 17
248 2014 341 2095 igitur
362 2011 422 2074 ulla
444 2010 568 2090 queastio
592 2011 629 2072 de
644 2009 779 2073 Africani
796 2019 892 2074 morte
909 2013 966 2090 lata
982 2011 1052 2074 est?
1079 2011 1175 2074 Certe
1231 2037 1232 2048 ¹

247 2095 339 2160 nulla.
384 2093 462 2166 Quid
482 2093 548 2154 ita?
587 2093 663 2166 Quia
682 2111 744 2156 non
766 2094 825 2156 alio
848 2094 985 2157 facinore
1007 2095 1084 2157 clari
1109 2097 1176 2158 bo-

246 2180 363 2254 mines,
403 2176 462 2237 alio
492 2177 614 2239 obscuri
643 2185 797 2238 necantur.
845 2177 963 2240 Intersit
991 2179 1072 2240 inter
1103 2179 1175 2240 vitae
1232 2244 1233 2249 ,

248 2261 420 2343 dignitatem
442 2278 625 2322 summorum
650 2266 739 2340 atque
762 2259 947 2336 infimorum3
989 2279 1074 2324 mors
1099 2264 1176 2342 qui-
1232 2252 1233 2261 ’

247 2345 315 2408 dem
344 2343 427 2406 illata
458 2361 513 2424 per
544 2343 643 2406 scelus
666 2343 772 2406 iisdem
794 2349 824 2404 et
848 2345 957 2424 poenis
980 2351 1120 2408 teneatur
1144 2352 1177 2406 et

246 2427 376 2510 legibus.
433 2427 497 2490 Nisi
527 2425 607 2488 forte
635 2427 730 2508 magis
761 2428 818 2488 erit
844 2427 1012 2508 parricide,
1052 2429 1083 2490 si
1118 2429 1177 2509 qui

246 2512 437 2578 consularem
460 2515 590 2591 patrem,
621 2529 709 2590 qnam
732 2509 758 2572 si
779 2511 845 2590 quis
866 2510 1009 2573 humilem
1032 2529 1177 2574 necave-

246 2599 304 2671 rit,
338 2607 389 2656 aut
422 2611 459 2655 eo
490 2611 573 2654 mors
595 2594 727 2654 atrocior
750 2592 808 2654 erit
830 2593 861 2654 P.
884 2593 1000 2672 Clodii,
1035 2595 1118 2676 quod
1146 2597 1176 2657 is

245 2679 278 2740 in
300 2677 500 2739 monumentis
522 2676 667 2740 maiorum
685 2693 806 2739 suorum
825 2677 865 2744 sit
880 2675 1067 2740 interiectus.
1106 2677 1177 2740 Hoc

246 2761 327 2835 enirn
350 2761 385 2822 ab
410 2761 474 2822 istis
497 2759 601 2841 saepe⁵
632 2759 757 2833 dicitur,
801 2759 954 2841 proindc⁶
989 2762 1076 2842 quasi
1102 2761 1177 2842 Ap-

215 2883 217 2890 1
245 2845 314 2926 pius
336 2844 388 2906 ille
411 2841 516 2918 Caeous
537 2844 615 2905 viam
643 2843 819 2919 muniverit,
858 2861 918 2904 non
950 2863 1009 2925 qua
1035 2845 1176 2925 populus

245 2932 400 3005 uteretur,
434 2927 489 2990 sed
517 2926 568 2988 ubi
593 2926 713 3007 impune
737 2927 784 2988 sui
808 2927 923 3007 posteri
945 2927 1177 2990 latrocinaren-

201 3011 302 3073 1⁸tur.
344 3011 447 3091 ltaque
469 3011 499 3071 in
521 3009 625 3071 eadem
655 3010 712 3070 ista
743 3008 842 3090 Appia
869 3009 917 3070 via
949 3029 1040 3090 quum
1073 3027 1179 3073 orna-

245 3094 392 3158 tissimum
413 3095 542 3173 equitem
567 3091 732 3154 Romanum
755 3091 786 3154 P.
810 3091 933 3156 Clodius
955 3093 993 3155 bl.
1015 3093 1177 3176 Papirium
1232 3122 1233 3125 ¹

245 3177 417 3252 occidisset,
440 3193 501 3237 non
522 3175 578 3237 luit
598 3175 672 3238 illud
692 3174 809 3236 facinus
830 3176 1050 3255 poeniendum;
1077 3175 1177 3240 homo
1232 3212 1233 3253 5

245 3261 324 3323 enim
346 3260 456 3328 nobilis
477 3260 509 3320 in
531 3259 594 3322 suis
622 3259 821 3322 monumentis
848 3260 979 3338 equitem
1000 3258 1178 3332 Romanum

244 3344 415 3418 occiderat,
437 3360 517 3406 nunc
541 3341 675 3404 eiusdem
689 3341 802 3422 ·Appiae
821 3337 932 3404 nomen
954 3347 1082 3422 quantes
1106 3348 1179 3406 tra·
1232 3346 1233 3349 ’

243 3427 371 3508 goedias
396 3425 522 3489 excitati
560 3425 632 3498 Quae
654 3431 807 3486 cruentata
832 3431 920 3486 antea
944 3425 1025 3488 cede
1046 3423 1178 3486 bonesti

145 3571 149 3580 ,
243 3515 333 3592 atque
355 3510 523 3572 innocentis
546 3508 604 3570 viri
625 3508 787 3588 silebatur,
824 3508 930 3570 eadem
957 3525 1036 3572 nunc
1056 3509 1179 3584 crebro

244 3638 473 3652 m

280 3712 291 3744 ¹
314 3713 346 3766 Ε.
364 3740 397 3756 --
415 3717 555 3770 salutarem
573 3715 649 3770 benc.
668 3772 674 3781 v,
704 3696 721 3750 ⁹⁵
737 3715 769 3768 b.
789 3741 822 3755 -
843 3719 914 3773 dicet
932 3720 997 3786 ipse.
1049 3715 1061 3748 ⁸
1083 3717 1120 3769 Ε.
1140 3738 1178 3754 -

279 3785 360 3836 nostri
376 3785 429 3838 iud.
467 3785 631 3853 *ingemuit
667 3785 857 3856 ἘΣ-σεεμ
873 3789 980 3844 abistis.
1017 3785 1177 3853 ⁸pariendu-
