2490 4316
273 223 558 291 rnrttrercn
583 207 813 328 asennaa
953 230 1007 286 aas
1057 296 1061 306 s

81 403 309 491 providissent,
339 405 479 471 luissent
520 403 685 483 Dolebam,
717 401 873 480 dolebam,
905 406 1007 485 patres

83 489 269 571 conscripti,
299 507 364 554 rem
394 489 544 572 publicam
567 489 675 552 restris
700 486 851 569 quondam
872 487 1009 566 meisque

83 573 226 636 consiliis
251 580 458 638 conservatam
478 571 564 635 brevi
587 578 724 652 tempore
745 588 815 634 esse
835 572 1008 651 perituram.

81 657 151 720 Neo
170 673 245 720 vero
266 656 355 720 ‘eram
375 664 435 721 tam
456 656 594 719 indoctus
620 655 807 737 ignarusque
826 671 946 731 rerum,
976 657 1011 714 ιιι
1044 700 1046 704 .

82 741 249 822 frangerer
270 741 369 803 animo
392 746 518 822 propter
537 739 605 802 vitae
628 737 837 819 cupiditatem,
873 753 939 818 quae
961 753 1011 798 me

82 839 214 886 manens
237 823 400 888 conticeret
421 823 603 906 angoribus,
624 821 748 883 dimissa
771 821 920 888 molestiis
941 836 1011 882 orn-

82 908 177 970 nibus
201 906 351 970 liberaret.
391 907 461 970 lllos
484 923 544 988 ego
562 905 826 987 prestantissimos
843 905 938 979 viros,
958 902 1010 965 lu-

82 992 168 1053 mina
187 991 233 1052 rei
256 990 402 1072 publice,
435 991 539 1052 uivere
560 988 717 1066 volebam,
750 992 794 1049 tot
823 986 1011 1063 consulares,

83 1079 132 1138 tot
152 1074 328 1154 praetorios,
361 1079 404 1136 tot
427 1072 657 1136 honestissimos
681 1077 857 1149 senatores,
891 1087 1011 1132 omnem

82 1151 235 1239 preterea
257 1156 362 1220 florem
383 1156 547 1218 nobilitatis
572 1173 607 1218 ao
629 1154 809 1235 iuventutis,
841 1162 904 1218 tum
927 1154 1012 1236 opti-

82 1247 210 1304 morum'
225 1241 335 1303 civium
364 1241 532 1319 exercitus,
565 1238 665 1321 quisi
687 1238 841 1317 viverent,
876 1235 1011 1319 quamvis

83 1325 192 1404 iniqua
211 1323 392 1386 condicione
422 1325 510 1406 pacis.
540 1321 625 1405 (milri
647 1322 726 1384 enim
749 1321 846 1384 omnis
866 1339 926 1403 pax
944 1337 1012 1382 curn

84 1406 205 1470 civibus
223 1407 305 1469 bello
327 1407 409 1471 civili
430 1407 533 1471 utilior
554 1405 743 1485 videbatur),
774 1421 839 1469 rem
861 1403 1012 1487 publicam

84 1488 181 1553 hodie
198 1495 392 1554 teneremus.
440 1490 516 1565 Quo
539 1490 687 1553 sententia
719 1487 745 1551 si
775 1489 941 1566 valuisset,
976 1499 1058 1550 acus

83 1591 152 1636 non
174 1573 197 1635 ii
217 1574 348 1636 manime
369 1573 460 1652 mihi,
490 1589 617 1654 quorum
639 1587 699 1653 ego
721 1571 789 1634 vite
805 1571 1012 1648 consulebam,

83 1672 145 1738 spe
166 1656 299 1720 vianne
323 1657 391 1721 elati
414 1657 618 1733 obstitissent,
646 1661 680 1718 ιιι
709 1655 767 1718 alia
797 1655 947 1732 omittam,
979 1659 1012 1716 tu

85 1747 174 1803 certe
201 1757 362 1822 numquam
389 1741 420 1804 in
447 1740 506 1803 boc
528 1739 634 1803 ordine
655 1738 704 1802 vel
749 1738 828 1802 otius
850 1754 1012 1820 numquam
1087 1790 1092 1799 ,
1177 1749 1180 1762 ’

83 1824 119 1888 in
138 1821 196 1884 hac
218 1823 293 1886 urbe
321 1823 495 1888 mansisses.
542 1821 584 1886 At
614 1838 688 1885 vero
714 1757 773 1884 ¹gn.
795 1821 930 1903 Pompeii
950 1837 1011 1884 vo-

83 1908 232 1970 luntatem
253 1925 271 1970 ιι
292 1923 340 1969 rna
362 1905 510 1972 alienabat
530 1905 629 1970 oratio
650 1923 727 1967 mea.
768 1905 817 1968 An
835 1905 888 1968 ille
902 1922 1012 1986 quem-

84 2007 179 2072 quam
199 1990 267 2071 plus
291 1989 420 2054 dilexit?
442 2007 509 2052 cum
531 1989 594 2053 ullo
616 1994 666 2053 aul
687 2005 844 2061 sennones
866 1994 917 2052 aut
932 2004 1012 2050 con-

85 2074 160 2139 silia
187 2073 312 2137 contulit
338 2073 476 2156 saepius?
522 2072 610 2148 Quod
632 2073 752 2155 quidem
775 2076 841 2136 erat
859 2087 1011 2156 magnum,

86 2157 128 2220 de
150 2173 264 2218 summa
286 2173 321 2218 re
344 2157 465 2239 publica
489 2157 701 2220 dissentientes
733 2157 765 2219 in
796 2155 902 2220 eadem
932 2169 1011 2222 cun-

84 2239 248 2306 suetudine
277 2240 415 2302 amicitie
443 2257 632 2322 permanere.
680 2237 741 2303 Sed
770 2247 800 2303 et
823 2256 901 2324 ego,
940 2236 1012 2319 q'uid

85 2325 160 2402 ille,
179 2329 209 2385 ct
228 2328 333 2386 contra
355 2323 424 2401 ille,
445 2321 517 2404 quid
537 2339 598 2405 ego
618 2323 762 2386 sentirem
784 2329 814 2384 et
833 2328 1012 2405 spectarem,
1054 2326 1065 2362 ⁴

85 2407 217 2471 videbat.
258 2407 325 2490 Ego
346 2406 540 2470 incolumitati
561 2405 671 2468 civium
690 2407 828 2487 primum,
851 2412 884 2470 ιιι
905 2409 1013 2487 postea

85 2491 226 2574 dignitati
246 2507 423 2572 possemus,
467 2489 519 2553 ille
546 2489 687 2571 prasenti
719 2489 854 2571 dignitati
882 2487 1008 2570 potius¹

86 2574 275 2640 consulebat
326 2572 414 2647 Quod
438 2579 536 2637 autern
564 2572 694 2636 babebat
723 2580 871 2653 uterque,
904 2570 1011 2653 quod’

85 2663 279 2740 sequeretur,
302 2657 416 2720 idcirco
442 2657 629 2721 tolerabilior
649 2662 713 2720 erat
734 2661 836 2720 nostra
853 2654 1013 2720 dissensio.

87 2741 170 2818 Quid
191 2757 265 2804 veru
294 2741 345 2805 ille
374 2740 537 2824 singularis
566 2740 614 2802 vir
641 2758 678 2802 ac
705 2757 793 2822 paene
825 2739 944 2803 divinus
973 2736 1058 2812 dano

84 2843 138 2890 mc
158 2826 299 2904 senserit,
321 2825 431 2901 sciunt,
454 2824 506 2905 qui
527 2841 596 2886 eum
614 2823 652 2886 de
673 2821 843 2888 Pharsalica
863 2821 936 2904 iuga
951 2821 1012 2883 Pa·
1054 2859 1061 2876 ι

84 2909 181 2994 plrnm
209 2909 362 2990 persecuti
395 2912 472 2970 sunt.
518 2905 684 2988 Numquam
713 2907 750 2970 ab
775 2924 814 2969 eo
837 2905 950 2969 mentio
973 2902 1013 2968 de

85 3011 149 3070 me,
170 2993 229 3058 nisi
250 2989 434 3069 honorifica,
471 2990 530 3053 nisi
551 2989 642 3071 plena
662 2989 836 3052 amicissimi
858 2988 1013 3068 desiderii,

86 3095 181 3158 quum
205 3094 253 3138 me
276 3075 390 3138 vidisse
410 3074 478 3156 plus
496 3071 668 3152 fateretur,
690 3091 725 3136 se
746 3074 921 3154 speravisse
944 3088 1012 3133 me-

86 3162 176 3224 liora.
223 3159 259 3224 Et
283 3159 349 3222 eiua
369 3159 428 3222 viri
450 3158 571 3220 nomine
592 3175 640 3219 me
661 3157 802 3222 insectari
824 3155 929 3234 audes,
953 3171 1011 3216 eu-

86 3246 138 3308 ius
151 3259 199 3306 me
214 3243 352 3319 amicum,
373 3248 404 3304 te
420 3246 570 3306 sectorem
586 3259 656 3304 esse
674 3239 815 3304 fateare?
837 3238 897 3304 Sed
919 3237 1012 3300 omit-

86 3333 170 3390 tatur
194 3327 307 3390 bellum
335 3325 428 3400 illud,
461 3325 495 3387 in
523 3340 583 3406 quo
613 3329 645 3386 tu
673 3325 798 3388 nimium
821 3322 897 3414 felia
916 3319 1010 3384 luisti.

85 3411 136 3475 Ne
165 3409 203 3472 de
226 3409 328 3472 iocis⁸
360 3408 481 3491 quidem
507 3409 719 3489 respondebo,
764 3407 872 3490 quibus
901 3421 949 3466 me
978 3405 1011 3466 in

85 3492 198 3558 eastris
219 3510 308 3556 usum
329 3509 399 3556 esse
425 3490 536 3556 dixisti.
582 3491 675 3554 Erant
695 3491 814 3573 quidem
837 3488 889 3551 illa
911 3492 1012 3550 castra

85 3580 183 3660 plena
202 3593 292 3654 curae,
313 3582 517 3639 verumtamen
538 3573 687 3652 homines,
709 3574 844 3656 quamvis
862 3573 895 3636 in
913 3569 1013 3633 turbi-
1037 3649 1039 3654 ι

85 3662 136 3728 dis
157 3659 248 3722 rebus
272 3659 342 3740 sint,
363 3665 474 3741 tamen,
495 3659 522 3724 si
543 3657 634 3722 modo
653 3658 791 3722 homines
812 3662 892 3735 sunt,
912 3654 1011 3718 intor-

123 3842 327 3912 1ιιιιιιινιιιιο.
365 3842 470 3912 ’quid
510 3843 608 3898 'cond
631 3841 809 3912 Wesenberpii·
827 3865 861 3880 -
880 3840 918 3896 llo
936 3840 1009 3896 iouis·
