2490 4316
133 235 136 246 “
186 305 189 316 ¹
257 230 309 286 li!
600 221 835 278 ORATIO

258 394 332 460 lium
357 385 508 472 mittebat,
541 399 639 468 utrum
660 411 781 458 causam
803 391 886 456 iliam
907 393 1016 457 victam
1038 411 1108 456 esse
1127 411 1184 456 ne-

258 477 386 554 sciebat,
406 495 446 540 an
470 475 622 542 Caeciiium
643 481 733 542 istum
754 495 896 559 magnum
918 477 1071 540 hominem
1096 484 1184 558 puta-

259 561 336 626 bat?
369 579 458 643 quem
478 561 617 643 protecto
639 564 678 640 is,
698 563 750 643 qui
771 561 884 642 'optime
904 567 1029 624 nostros
1050 560 1185 624 homines

260 645 356 722 novit,
375 643 426 708 vel
449 645 518 726 quia
541 662 602 710 non
624 653 738 723 nosset,
759 645 809 708 vel
830 645 857 708 si
878 646 1021 723 nosset1,
1050 650 1184 706 contem-

215 730 357 794 ureret.
413 725 532 790 Addit²
568 732 658 793 etiarn
685 728 777 804 iilud,
818 729 935 808 equites
965 745 1028 789 non
1059 729 1186 808 optimos

260 810 390 876 misisse.
433 809 582 891 Credo⁸,
606 809 724 886 Cesar,
745 810 821 874 nihil
845 811 882 872 ad
903 818 986 874 urum
1009 812 1185 893 equitatum3

260 893 316 958 sed
337 891 419 958 misit
439 912 478 957 ex
498 895 553 972 iis,
582 905 658 978 quos
676 895 796 972 habuit,
821 893 945 958 electos.
992 892 1062 970 Ait,
1085 894 1186 955 nescio

262 994 352 1058 quem
374 995 413 1040 ex
438 995 476 1041 eo
497 995 623 1042 numero
646 997 768 1042 servum
791 977 960 1040 iudicatum.
1007 976 1076 1038 Non
1109 976 1186 1038 arbi-

261 1065 338 1139 tror,
362 1077 424 1127 non
446 1061 566 1137 audivi3
589 1061 761 1138 sedimen,
785 1061 903 1124 etiamsi
927 1061 1102 1139 occidisset,
1123 1059 1187 1123 cul-

262 1163 333 1230 pam
353 1144 438 1226 regis
461 1144 572 1209 nullam
593 1144 689 1210 fuisso
708 1145 880 1210 arbitrarer.

176 1229 201 1301 9
254 1253 258 1260 ·
352 1225 463 1291 Alieno
486 1233 584 1291 autem
606 1247 624 1290 a
645 1234 674 1291 te
698 1229 797 1292 auimo
825 1225 1032 1308 quomodote
1077 1223 1188 1308 Spera-

263 1309 317 1387 vit‚
342 1309 447 1386 credo,
471 1309 616 1398 difficiles·
632 1312 686 1380 tihi
705 1309 899 1376 Alexandriae
915 1308 984 1372 fora
1000 1309 1100 1372 exitus
1116 1326 1187 1390 pro-

135 1437 144 1459 .
262 1399 333 1490 pter
349 1394 527 1478 regionum⁶
550 1401 687 1458 naturam
706 1401 736 1458 et
756 1391 895 1458 fluminis.
942 1393 984 1454 dt
999 1410 1038 1454 eo
1055 1399 1187 1472 tempore

263 1476 358 1558 rpso⁶
392 1477 551 1559 pecuniam
572 1476 670 1556 dedit,
705 1480 869 1541 exercitum
895 1475 983 1554 aluit,
1022 1478 1070 1553 ei,
1105 1493 1188 1557 quem

265 1559 348 1624 dsie
367 1559 559 1643 profeceras,
581 1561 663 1628 nullr
685 1561 716 1628 in
733 1579 768 1624 re
790 1559 892 1624 defuit
923 1558 990 1622 Tibi
1007 1559 1117 1622 victori
1133 1575 1188 1621 non

264 1643 364 1707 solum
387 1642 426 1708 ad
451 1643 632 1725 hospitium,
665 1645 721 1710 sed
746 1643 782 1708 ad
804 1642 971 1726 periculum
994 1643 1083 1705 etiam
1106 1648 1189 1723 atque

219 1726 389 1793 mactent
436 1732 529 1793 raesto
552 1725 617 1794 tuit.
659 1725 799 1792 Secutum
821 1731 867 1790 est
880 1725 991 1791 bellum
1007 1725 1188 1788 Africanum.

267 1808 383 1876 Graves
404 1745 442 1874 rii
466 1814 682 1876 terumores⁸
693 1832 703 1889 ;
749 1811 801 1892 qui
826 1809 914 1873 etium
936 1808 1086 1876 furiosum
1112 1809 1188 1871 idum

266 1891 421 1959 carritum
442 1893 657 1960 excitaverunt.
705 1893 774 1968 ouo
794 1899 855 1958 tum
875 1893 956 1955 rer⁹
989 1893 1091 1954 animo
1113 1889 1186 1954 tunt

266 1976 319 2058 qui
336 1976 523 2042 auctionatus
537 1977 576 2043 sit
593 1995 724 2058 seseque
739 1977 912 2059 spoliare¹⁰
935 1975 1085 2055 maluerit,
1107 1991 1188 2057 quam

266 2059 321 2126 tibi
341 2059 501 2141 pecuniam
515 2077 576 2126 uon
592 2061 827 2128 subministrare.
859 2059 900 2122 At
916 2077 965 2136 eo,
987 2060 1095 2142 inquit.
1117 2066 1188 2122 tem·
1234 2107 1235 2114 .

267 2159 345 2226 pore
362 2143 372 2202 i
393 2157 430 2204 so
451 2142 581 2208 Nicaeam
601 2143 814 2228 Ephesumque
835 2143 984 2220 mittebat,
1014 2143 1066 2224 qui
1088 2159 1188 2206 rumo-

268 2243 320 2292 res
385 2226 505 2290 neruos
529 2227 704 2308 exciperent
733 2234 763 2290 et
790 2227 930 2292 celeriter
961 2225 999 2290 ad
1030 2244 1066 2290 so
1094 2225 1188 2288 refer-

267 2313 345 2375 rent.
391 2308 495 2392 ltaque
525 2327 616 2391 quum
649 2316 731 2376 esset
757 2312 787 2373 ei
817 2311 1000 2387 nuntiatum,
1032 2309 1188 2374 Domitium
1233 2385 1234 2396 ἵ

185 2409 196 2424 ·
267 2391 429 2475 naufragio
450 2394 579 2478 perissa,
599 2399 630 2458 te
653 2394 684 2458 in
708 2393 833 2460 castello
856 2392 1070 2458 circumsederi
1087 2394 1134 2477 ¹¹,
1155 2391 1188 2454 de
1233 2399 1234 2403 ’

268 2474 402 2542 Domitio
424 2476 500 2543 dixit
519 2494 640 2543 versum
662 2476 797 2543 Grecum
819 2477 924 2544 eadem
946 2477 1112 2556 sententia,
1135 2493 1188 2558 qur

269 2560 359 2626 etiam
382 2576 439 2623 nos
461 2558 606 2623 habemus
630 2560 783 2627 Latinum:
825 2561 958 2626 Pereunt
981 2561 1093 2634 amici,
1127 2559 1188 2622 dan

266 2659 330 2704 ooo
352 2642 468 2704 inimici
497 2643 691 2713 intercidant.
747 2643 850 2726 Quod
867 2644 938 2721 ille,
970 2643 997 2706 si
1026 2650 1110 2710 esset
1141 2643 1186 2705 titi

266 2721 509 2804 inimicissimus,
539 2744 699 2808 numquam
720 2733 819 2793 tomen
841 2726 967 2792 dixisset
974 2746 983 2803 3
1027 2727 1095 2807 ipse
1117 2728 1185 2790 enim

158 2825 162 2840 ·
266 2813 450 2886 mansuetus,
472 2824 579 2874 versus
599 2811 745 2877 immanis.
789 2811 847 2884 our
864 2818 963 2874 autem
983 2809 1115 2873 Domitio
1135 2827 1185 2892 po-

265 2895 346 2956 terat
361 2908 431 2956 essa
446 2892 570 2972 amicus,
591 2895 642 2976 qui
663 2896 716 2962 tibi
734 2901 815 2960 essct
829 2894 992 2958 inimicus?
1016 2893 1082 2956 Tibi
1102 2909 1184 2978 porro
1231 2952 1232 2967 ,

268 2974 409 3039 inimicus
435 2993 490 3040 our
513 2982 612 3056 esset,
645 2996 663 3044 a
692 2996 753 3061 quo
783 2997 873 3062 quum
899 2978 950 3040 vel
973 2975 1101 3042 interfici
1122 2974 1184 3040 belli

271 3055 343 3139 lege
364 3060 531 3140 potuisset,
568 3078 674 3144 regom
697 3069 783 3126 etse
805 3068 835 3126 et
857 3059 950 3124 tilium
968 3079 1055 3124 suum
1078 3061 1185 3122 consti-

225 3145 351 3210 ttoiutos
372 3157 443 3204 esse
464 3143 672 3208 meminisset?
711 3145 814 3218 Ouid?
854 3143 963 3207 deinde
989 3142 1115 3207 furcifer
1133 3159 1184 3224 quo
1230 3169 1231 3186 .

271 3224 491 3308 progreditur?
519 3225 580 3305 dit,
605 3225 662 3292 hac
679 3229 780 3292 letitia
800 3227 974 3291 Deiotarum
997 3227 1105 3294 elatum
1124 3229 1185 3289 vino
1230 3213 1231 3249 ¹

196 3361 200 3370 .
271 3324 307 3370 se
325 3308 465 3374 obruisse
487 3310 518 3374 iu
541 3312 741 3396 convivioque
768 3311 880 3377 nudum
908 3311 1074 3380 saltavisse.
1122 3310 1185 3385 Qua

259 3515 262 3539 ‚
309 3477 320 3510 ¹
341 3477 414 3534 codd.
430 3477 505 3532 malti
529 3476 575 3544 (E.
597 3477 640 3544 0.)
666 3505 701 3520 -
727 3483 770 3536 vel
794 3483 854 3553 quia
880 3488 970 3534 nosset
993 3481 1036 3536 vel
1060 3483 1183 3550 quianon
1229 3483 1230 3531 t

306 3555 404 3600 nosset
434 3550 467 3616 .¹
494 3548 609 3602 Addidit.
657 3551 669 3584 ⁸
690 3551 776 3604 dicun.
794 3553 829 3606 nl.
850 3553 888 3606 ed
908 3547 992 3604 1172.
1020 3561 1051 3588 -“
1076 3553 1184 3612 Veteres,

306 3617 395 3670 credo.
433 3617 552 3672 ⁴animo
569 3619 626 3672 suit.
661 3620 824 3686 Quomodo?
866 3622 971 3674 ‘codd
988 3617 1052 3687 (R)
1071 3646 1102 3660 -
1121 3623 1183 3688 repi-

205 3699 207 3704 ·
306 3689 372 3738 onir.
411 3685 500 3754 ‘ipso
518 3697 598 3756 temp.
638 3689 742 3744 'codd
761 3689 824 3758 (E.)
844 3701 971 3759 —atque
990 3692 1077 3744 adae.
1115 3691 1182 3741 'm-

255 3787 257 3796 .
306 3771 393 3807 mores
406 3760 497 3822 sparsi.
533 3758 692 3830 ⁹tumerga
707 3770 734 3816 te
750 3779 803 3818 rer.
842 3763 872 3796 ¹⁰
890 3762 1044 3829 exspoliare.
1082 3761 1108 3794 ¹¹
1123 3758 1182 3814 codd.
1228 3779 1229 3813 r

288 3821 366 3888 (it.)
386 3848 418 3862 ·-
435 3829 621 3882 circumsideri.
