2490 4316
300 171 393 228 vno
420 172 456 240 o.
482 164 704 257 trenaro.
912 167 965 220 aas
1023 236 1025 244 y

48 346 176 414 victorio
195 342 327 410 mamma
346 342 497 424 inferum,
518 346 551 410 in
574 363 633 429 qua
653 352 719 410 erat
735 361 792 410 rex
813 344 983 428 potentis-.

49 436 136 498 simus
151 430 293 492 inimicus
309 429 381 492 huic
395 446 506 508 causae,
527 430 627 494 aliena
642 431 780 494 voluntas
797 434 965 492 conventus
1036 466 1037 470 =

50 516 119 579 iinm
148 518 239 596 atque
270 512 382 596 magni.
430 511 563 598 Quaero:
601 512 673 595 quid
704 513 813 576 facturi
835 511 965 576 fuistis?

52 615 244 681 quamquam,
277 596 350 678 quid
371 595 480 660 facturi
501 596 639 674 fueritis,
676 596 806 661 dubitem
817 597 841 674 ¹,
875 612 966 677 quum

52 682 173 758 videam,
197 679 271 762 quid
286 679 453 744 decentis?
489 679 635 743 Prohibiti
659 682 732 743 estis
755 681 787 743 in
810 679 968 762 provincia

54 771 146 830 vestra
165 765 278 848 pedem
298 779 426 846 ponere,
447 762 669 846 etprohibit12
690 781 806 828 summo
827 780 895 826 eum
917 763 969 826 in·
1063 769 1066 780 ’

55 849 133 912 iuria.
180 846 341 921 Quomodo
365 846 397 910 id
418 847 553 911 tulistis?
587 848 729 930 Accepto
753 848 870 912 iniuriae
891 857 1017 928 quo-rs

56 932 140 996 rebam
164 931 201 994 ad
231 948 321 1012 quem
343 929 518 993 detulistis?
564 929 680 1014 Nempe
703 933 741 994 ad
762 949 850 1009 cum,
885 931 971 992 cuius

59 1016 256 1078 auctoritatem
291 1016 387 1078 secuti
426 1015 458 1077 in
492 1015 668 1078 societatem
705 1015 779 1080 belli
810 1014 973 1077 veneratis.

60 1097 138 1172 Quod
162 1099 189 1168 si
207 1096 339 1161 Cesaris
361 1115 454 1160 causa
475 1098 506 1160 in
525 1100 713 1179 provinciam
735 1099 913 1175 veniebatis,
935 1095 993 1160 od-

61 1199 119 1244 eum
143 1180 285 1262 proiecto
307 1180 424 1244 exclusi
446 1183 603 1262 provincia
624 1183 794 1246 venissetis.
840 1180 974 1243 Venistis

62 1264 94 1326 ad
112 1263 296 1345 Pompeium.
339 1263 413 1338 Quae
434 1272 482 1328 est
502 1281 578 1352 ergo
596 1267 700 1347 apud³
723 1267 873 1330 cesarem
895 1279 976 1346 que-

63 1347 135 1425 rela,
161 1367 254 1430 quum
278 1365 348 1410 eum
370 1349 520 1411 accusetis
528 1349 555 1426 ⁴,
588 1367 687 1431 aquo
711 1350 877 1434 queramini
898 1363 976 1430 pro·
1031 1381 1036 1394 ·

64 1430 164 1494 bibitos
185 1449 257 1494 esse
277 1432 358 1496 vos⁶
379 1438 482 1494 contra
506 1433 656 1500 cesarem
679 1451 790 1514 genere
814 1429 977 1495 belluni?

66 1513 155 1594 bique
173 1515 204 1577 in
223 1515 285 1578 boc
301 1515 422 1596 quidem
443 1515 493 1578 vei
510 1532 579 1577 cum
600 1515 769 1592 mandacio,
793 1517 820 1578 si
842 1515 941 1578 velitis
951 1512 978 1592 ⁷,

66 1596 226 1678 gioricmini
247 1616 306 1680 per
325 1616 374 1660 me
397 1598 479 1676 boet,
501 1615 557 1661 vos
570 1599 764 1682 ¹provinciam
788 1597 884 1661 fuisse
908 1596 979 1659 Gae-

68 1680 120 1742 sari
136 1680 308 1746 tradituros.
350 1681 472 1744 Etiamsi
495 1680 604 1745 aVaro
626 1690 658 1744 et
679 1681 889 1764 aquibusdam
911 1679 979 1742 aliis

69 1762 199 1905 {robibiti
220 1765 313 1844 estis,
337 1782 397 1847 ego
415 1765 539 1827 tarnen⁸
563 1765 745 1843 conitebor,
770 1766 890 1847 cuipam
910 1779 981 1827 esso

91 1846 190 1928 igarii,
223 1849 276 1931 qui
307 1865 376 1928 vos
394 1853 482 1910 tante
503 1848 601 1912 laudis
628 1849 790 1912 occasione
807 1847 980 1931 privaverit.

72 1925 122 1991 Sed
146 1931 229 2008 vide,
257 1948 380 2014 queso,
407 1931 551 2010 cesam,
580 1934 777 1996 constantiam
797 1917 1068 1996 ornatissimirob

73 2011 131 2089 viri,
151 2014 183 2076 L.
204 2015 393 2106 Tuberonis3
418 2031 506 2098 quem
525 2034 596 2099 ego,
621 2016 757 2099 quamvis
777 2016 844 2097 ipsc
866 2013 983 2097 proba-

74 2111 146 2174 rem,
167 2105 200 2161 ut
219 2100 338 2181 probo,
365 2105 546 2186 tamennon
568 2113 854 2177 commemorarem,
882 2097 941 2160 nisi
965 2115 984 2160 a

76 2181 101 2237 ic
118 2185 328 2264 cognovissem
352 2183 384 2245 in
406 2182 603 2264 primis'eam
623 2187 763 2246 virtutem
790 2183 892 2246 solere
915 2183 985 2244 lau-

78 2258 141 2324 dari.
182 2265 255 2338 Quae
275 2263 333 2329 iuit
353 2266 446 2348 igitur
468 2283 607 2348 umquam
630 2267 661 2331 in
682 2267 746 2328 ullo
767 2267 889 2330 bomine
904 2267 997 2348 bow*
1059 2337 1064 2348 1
1107 2341 1110 2348 1

78 2350 257 2413 umentia?
296 2347 501 2413 Constantiam
525 2349 620 2412 dico?
655 2349 785 2429 Nescio,
817 2368 855 2412 an
876 2347 986 2412 melius

79 2429 235 2520 patientiam
272 2433 388 2516 possim
421 2432 533 2496 dicere.
596 2432 713 2506 Quotus
738 2433 825 2496 enim
849 2433 987 2514 unisque

80 2513 192 2574 rstud¹⁰
214 2516 356 2595 iecisset,
387 2522 437 2594 ut,
469 2517 616 2599 aquibus
640 2519 671 2579 in
693 2517 883 2582 dissensione
905 2513 988 2576 civili
1098 2536 1102 2544 ¹
1130 2527 1136 2540 ·

81 2605 132 2656 non
154 2607 233 2663 esset
255 2605 414 2681 receptus,
451 2601 578 2664 essettt
605 2601 694 2664 etiam
724 2618 791 2663 cum
813 2597 989 2662 crudelitate

84 2678 217 2774 reiectus,
240 2683 279 2747 ad
300 2701 355 2746 eos
375 2683 508 2765 ipsos¹²
530 2684 669 2748 rediret?
711 2683 812 2766 Magni
834 2679 989 2745 cuiusdam

86 2765 272 2849 dormiatque
295 2768 361 2831 eius
382 2769 440 2830 viri
464 2775 529 2844 est,
562 2787 652 2851 quem
676 2766 715 2831 de
737 2772 877 2850 suscepta
898 2782 990 2829 causa

86 2851 285 2932 propositoque
312 2854 460 2914 sententia
488 2850 571 2914 nulia
595 2852 795 2923 contumelia,
830 2850 912 2912 nulla
933 2849 991 2926 vis,
1030 2877 1033 2882 ¹

89 2926 187 2993 nullum
206 2935 373 3015 periculum
396 2935 534 3016 possid·
558 2934 722 3017 depellere.
776 2933 813 2995 Ut
834 2935 915 2995 enim
936 2936 1038 2995 ce-2i

90 3010 141 3071 iera
160 3018 242 3095 paria
263 3018 417 3084 Tuberoni
439 3037 507 3081 cum
528 3018 609 3081 Varo
630 3017 776 3096 inissent,
798 3017 907 3095 honos,
932 3034 994 3079 no-

92 3087 185 3176 bilitas,
206 3090 370 3184 splendor,
383 3103 548 3186 ingenium,
570 3118 638 3184 que
655 3119 844 3190 nequaquam
863 3100 994 3180 fuerunt,

93 3215 303 3243 *w

125 3281 200 3340 ¹fl⁰tt
227 3291 359 3359 dubitem,
389 3292 492 3347 mutata
513 3295 722 3364 internoscimus.
765 3292 939 3363 ¹prohibiti,
968 3298 997 3344 ut

125 3355 265 3416 perhiberi..
294 3363 466 3430 'codd.(E.)
480 3365 580 3418 -buc
593 3365 671 3433 apud.
703 3365 866 3418 ‘accusatis
900 3360 998 3414 ‘codd

128 3418 227 3489 OEd-
241 3449 289 3488 vos
300 3435 455 3503 prohibitos.
498 3435 511 3468 ⁰
531 3437 604 3490 codd.
619 3463 651 3472 -
670 3434 733 3497 beli·
750 3449 852 3500 gerere.
891 3431 904 3463 ¹
924 3430 996 3483 codd.

129 3488 170 3552 (ιζ’
188 3498 252 3568 ⁰⁰5)
269 3527 303 3542 ‘-
321 3505 406 3558 vultis.
455 3507 468 3538 ⁸
488 3509 554 3559 coni.
571 3517 597 3560 et
612 3501 815 3572 conditarum)
829 3513 869 3540 '-
885 3502 999 3555 nuditu-

130 3574 176 3630 ῐῠΙ,
198 3575 295 3627 etiamsi
313 3592 329 3629 a
347 3577 415 3628 Varo
441 3585 470 3629 ct
487 3578 558 3647 quib.
578 3578 612 3631 al.
628 3593 667 3644 pr.
686 3577 788 3628 essetis.
829 3573 888 3640 Ego
903 3580 999 3624 autom

46 3689 47 3694 =
133 3627 377 3710 ’fflfflJ-C·
391 3645 486 3699 Gresar.
520 3647 549 3679 ¹⁰
565 3642 850 3713 m-ntudqutaqoe.
887 3642 912 3674 ¹¹
928 3642 999 3693 codd.
1044 3641 1046 3650 ’
1158 3665 1162 3682 ι

46 3733 47 3742 ’
133 3697 374 3784 (bi-essetque.
431 3718 459 3755 ¹³
481 3717 610 3786 aquibus
629 3713 1001 3785 partibus-indicantem-
1117 3753 1123 3761 .

47 3831 48 3840 .
133 3775 188 3838 ⁸²¹¹,
204 3781 234 3835 td
252 3800 296 3839 eut
314 3788 393 3854 ipsas.
434 3787 462 3820 ¹⁸
479 3796 578 3856 posset.
