2490 4316
53 156 76 192 f
483 162 492 182 .

251 238 343 294 rao
369 233 495 294 ason
519 238 783 296 ostorano.
864 295 866 310 ,
933 249 984 298 ιιι

68 429 134 472 cmx
164 411 233 473 lmic
268 410 395 493 fugitivo
427 415 526 494 potest
559 412 633 474 satis
661 413 809 493 'supplicii
847 413 982 478 aliene?
1075 421 1080 430 '

68 494 230 556 Deiotarum
252 495 406 557 saltantem
429 495 586 577 quisquam
609 501 659 558 aut
681 496 797 558 ebrium
816 497 891 561 vidit
912 517 982 561 um-

67 578 171 656 quam?
196 577 308 640 Omnes
328 578 359 640 in
381 579 434 640 illo
454 585 525 640 sunt
544 579 655 660 regiae¹
682 580 817 658 virtutes,
839 582 920 664 quod
940 590 982 660 te,

68 657 173 736 Caesar,
197 661 341 744 ignorare
364 679 426 723 non
449 662 597 740 arbitror,
620 660 675 723 sed
696 665 858 745 praecipue.
872 665 982 749 singu-

67 743 131 804 laris
153 750 182 806 et
204 743 377 807 admiranda
403 743 570 827 frugalitas.
615 745 678 806 Etsi
707 745 765 808 boc
792 749 886 810 verbo
916 750 981 812 scio

67 825 170 890 laudari
198 829 331 910 regem2
366 845 428 890 non
460 827 590 894 solere.¹
613 828 705 911 Frugi
732 829 883 893 hominem
912 833 982 910 dici,
1059 897 1061 904 ,

67 925 120 970 non
139 911 262 974 multum
281 911 371 974 habet
394 911 490 974 laudis
512 912 543 973 in
565 928 658 994 rege3
700 911 828 992 sortem,
860 917 982 994 iustum,

67 1009 212 1071 severum,
233 1013 378 1077 marem,
399 995 631 1078 magnanimum,
652 995 780 1077 largum,
803 997 981 1076 beneficum,

68 1073 228 1156 liberalem,
263 1078 310 1140 hae
341 1084 412 1141 sunt
433 1077 528 1160 regie
549 1078 673 1157 laudes,
718 1080 769 1142 illa
790 1082 905 1162 privata
927 1088 982 1144 est.

68 1156 98 1217 Ut
116 1160 192 1222 volet
213 1163 355 1243 quisque,
378 1161 523 1242 accipiat5
564 1179 631 1244 ego.
647 1169 746 1227 tamen
766 1161 983 1246 frugalitatem,

66 1238 173 1322 idest,
200 1245 378 1308 modestiam
400 1250 430 1306 et
450 1246 696 1325 temperantiam,
723 1251 861 1312 virtutem
882 1249 983 1310 maxi-

67 1327 155 1386 maml
185 1327 307 1410 iudico.
361 1327 431 1390 Haec
458 1329 490 1392 in
523 1328 576 1393 illo
608 1335 654 1394 est
681 1331 718 1392 ab
743 1331 866 1393 ineunte
895 1335 982 1396 aetate

66 1423 146 1484 quum
165 1428 182 1472 a
203 1417 312 1474 cuncta
332 1411 424 1489 Asia,
455 1431 546 1493 quum
569 1413 614 1474 a⁴
648 1413 873 1495 magistratibus
891 1415 982 1498 lega·
1101 1447 1105 1454 -

66 1489 152 1570 iisque
182 1496 317 1572 nostris,
350 1501 412 1558 tum
441 1495 478 1558 ab
502 1494 652 1576 equitibus
674 1494 833 1574 Romania,
875 1499 982 1576 quiin

66 1571 130 1636 Asia
151 1579 298 1658 negotiati
322 1584 407 1656 sunt,
449 1583 609 1660 perspecta
642 1584 672 1640 et
702 1580 834 1660 cognita.
880 1579 1028 1644 lllultisar
1106 1581 1108 1586 '

66 1654 110 1718 ille
137 1661 253 1738 quidem
286 1662 430 1744 gradibus
455 1660 623 1726 officiorum
647 1679 723 1744 erga
743 1679 808 1724 rem
830 1656 981 1742 publicam

65 1745 183 1802 nostram
202 1744 240 1806 ad
260 1743 323 1807 hoo
343 1746 461 1827 regium
482 1761 593 1809 nomen
614 1745 769 1820 ascendit;
803 1745 858 1808 sed
881 1751 982 1808 tamen

65 1821 194 1903 quidquid
216 1846 233 1890 a
254 1827 346 1892 bellis
370 1828 477 1910 populi
496 1826 624 1890 Romani
646 1828 788 1907 vacabat,
823 1822 891 1892 cum
920 1828 982 1890 bo-

64 1905 180 1970 minibus
202 1912 316 1976 nostris
340 1911 596 1990 consuetudines,
625 1911 790 1990 amicitias,
812 1931 863 1976 res
884 1913 981 1974 ratio-

65 2001 167 2070 nesque
187 1993 349 2078 iungebat,
380 2001 414 2058 ut
429 2013 491 2058 non
514 1994 613 2060 solum
635 1994 827 2058 tetrarches⁶
858 1995 982 2072 nobilis,

15 2105 16 2118 ι
65 2069 112 2130 sed
133 2075 242 2138 etiam⁶
283 2079 411 2159 optimus
463 2077 656 2152 aterfamilias
679 2084 708 2140 et
731 2077 980 2161 diligentissimus

15 2167 16 2176 ¹
64 2154 186 2233 agricola
207 2167 237 2222 et
257 2163 419 2242 pecuarius
441 2098 612 2224 pateretur.
662 2162 720 2235 Qui
750 2162 843 2244 igitur
871 2161 981 2224 adole·

66 2251 152 2316 scens,
174 2244 308 2307 nondum
328 2250 411 2308 tanta
434 2244 533 2326 gloria
554 2244 707 2327 praeditrm,
739 2245 815 2311 nihil
840 2262 981 2326 umquam

65 2318 115 2379 nisi
132 2327 325 2392 severissime
349 2335 382 2389 et
404 2328 584 2410 gravissime
604 2326 730 2407 iecerit,
760 2330 787 2390 is
810 2347 847 2391 ea
871 2330 981 2394 existi-

65 2404 182 2469 matione
203 2428 301 2493 eaque
325 2416 412 2474 aetate
429 2410 572 2474 saltavit?
594 2409 715 2490 imitari,
740 2410 1092 2493 Castor,potius2010
1152 2495 1153 2498 ¹

66 2485 131 2546 avit
170 2511 270 2558 mores
298 2494 546 2575 disciplinamque
580 2493 714 2558 debebas
744 2495 979 2575 quamoptimo

67 2570 91 2626 et
112 2570 274 2640 clarissimo
303 2579 369 2640 viro
393 2576 514 2660 fugitivi
533 2594 588 2640 ore
607 2576 799 2640 maledicere.
843 2576 931 2650 Quod
954 2578 980 2640 si

66 2650 223 2721 saltatorem
241 2679 328 2724 avum
350 2660 510 2724 habuisses
540 2677 641 2742 neque
664 2678 732 2724 eum
753 2661 868 2740 virum,
899 2661 982 2724 unde

67 2733 177 2808 pudoris
197 2745 409 2824 pudicitiaeque
428 2744 567 2826 exempla
588 2751 773 2824 peterentur,
797 2753 897 2808 tamen
919 2741 981 2808 hoc

67 2817 239 2889 maledictum
259 2829 382 2890 minime
403 2828 433 2889 in
454 2827 535 2890 illam
552 2833 666 2890 aetatem
685 2829 870 2892 conveniret.
902 2827 980 2901 Qui-

68 2893 114 2959 bus
133 2905 183 2968 ille
205 2909 310 2974 studiis
333 2912 369 2974 ab
391 2911 514 2973 ineunte
542 2915 627 2974 aetale
655 2928 689 2972 se
704 2911 884 2987 imbuerat,
917 2927 981 2973 non

68 2980 190 3069 saltandi,
213 2994 269 3056 sed
292 2995 370 3057 bene
391 3001 431 3057 ut*
446 2995 547 3071 armis,
574 2992 687 3074 optime
708 3001 742 3056 ut
765 2995 852 3075 equis
874 2999 980 3057 utere-

69 3064 116 3140 ¹¹²1,
138 3087 173 3134 ea
195 3081 293 3146 tamen
314 3078 397 3141 illum
420 3085 527 3140 cuncta
544 3077 614 3154 iam,
638 3082 744 3140 exacta
765 3083 850 3140 aetate
863 3080 892 3156 ⁸,
922 3078 979 3140 do-

69 3139 196 3219 lecerant.
245 3161 346 3244 ltaque
369 3160 546 3224 Deiotarum
569 3178 658 3242 quum
681 3160 785 3242 plures
809 3161 840 3224 in
870 3178 981 3242 equum

70 3235 260 3323 distulissent,
296 3245 377 3327 quod
399 3244 515 3307 haerere
536 3246 567 3306 in
589 3261 627 3308 eo
652 3261 748 3308 senex
769 3251 892 3327 posset,
923 3241 980 3306 ad-

70 3320 159 3382 numi
178 3327 359 3394 solebamus.
407 3327 462 3392 llio
486 3345 560 3394 vero
583 3327 781 3408 adolescens,
817 3327 868 3408 qui
895 3341 980 3390 meus
1064 3343 1068 3358 ·

69 3453 283 3509 κ.

99 3548 244 3670 :codd—.-
261 3578 321 3622 sunt
339 3572 364 3622 iu
383 3569 427 3652 illo
455 3571 627 3676 rege⁴regiat
645 3585 669 3620 r.
728 3567 740 3599 ¹
762 3566 833 3618 codd.
860 3561 981 3686 (EJM—
1056 3610 1063 3615 .

217 3655 507 3772 ..reatuum
561 3630 981 3772 adalolf-”uetat

131 3777 226 3842 itibus,
254 3778 360 3846 Castor,
389 3781 430 3832 avi
449 3781 495 3832 tui.
551 3779 563 3810 ⁸
586 3779 657 3830 codd.
678 3801 711 3815 -
731 3786 806 3830 aetats
829 3784 940 3830 exacta·
