2494 4314
272 200 326 265 118
487 252 489 265 .
616 207 854 266 ,annulo

121 443 122 450 ,
263 383 399 467 primum
421 377 628 465 egredientem
650 401 668 444 e
693 381 775 462 villa,
800 380 919 458 suhito;
945 381 1027 446 'curt
1058 383 1184 466 vespam

172 515 174 530 ,
270 468 343 550 quid
358 477 493 529 'necesse
517 465 587 529 est?
628 465 713 529 tarde
720 486 730 542 3
769 467 820 547 qui
842 467 1000 544 convenit,
1028 469 1184 550 praesertim

103 593 106 598 ι
164 616 167 622 ,
270 550 327 626 id¹
358 549 530 631 temporis?
572 549 709 612 Devertit
731 550 762 611 in
787 549 888 611 villam
909 549 1055 636 Pompeii.
1104 551 1184 628 Pon-

267 636 371 718 peium
393 641 426 696 ut
445 633 587 696 videret?
617 633 742 711 sciebat,
764 633 795 694 in
813 632 948 696 Alsiensi
970 651 1058 709 esse3
1094 635 1183 698 villam

268 727 302 782 ut
322 717 535 800 perspiceret?
558 717 669 779 millies
684 718 715 779 in
732 734 769 778 ea
784 715 883 778 luerat
891 737 900 792 ;
926 717 998 798 quid
1014 735 1092 800 ergo
1108 717 1183 780 erat?

269 820 354 864 mora
378 808 409 862 et
431 801 664 884 tergiversati03
699 799 768 862 dum
791 799 842 862 hio
863 801 990 880 reniret,
1016 801 1120 864 locum
1140 820 1182 863 re-

268 885 407 967 linquere
430 886 535 948 noluit.

157 961 205 1034 21
222 963 258 1032 ss
359 968 448 1052 Age,
486 985 567 1032 nuno
590 967 648 1028 iter
678 961 809 1050 expediti
835 966 961 1029 latronis
984 985 1051 1031 oum
1072 968 1182 1032 Milonis

268 1052 490 1134 impedimentis
525 1057 706 1133 comparate.
765 1049 904 1131 Semper*
923 1050 975 1113 ille
1008 1055 1096 1114 antea
1125 1070 1181 1114 cun

268 1153 381 1211 uxore;
404 1139 465 1198 tum
487 1137 612 1198 sine'ea
620 1153 630 1210 3
650 1150 811 1216 numquam
833 1133 918 1194 nisi²
941 1135 973 1196 in
994 1133 1089 1197 rheda
1097 1155 1106 1210 3
1127 1141 1181 1197 tum

268 1220 300 1281 in
320 1236 417 1300 equ0;
462 1220 588 1281 comites
610 1217 757 1294 Graeculi,
788 1223 970 1298 quocunque
989 1217 1069 1297 ibat,
1103 1219 1180 1280 eliam

179 1376 181 1381 ¹
267 1321 359 1383 quum
380 1303 412 1364 in
438 1309 537 1364 castra
559 1302 685 1364 Etrusca
710 1300 910 1382 properabat;
954 1304 1016 1364 lum
1038 1303 1070 1364 in
1095 1302 1182 1364 corni-¹

267 1393 331 1458 tatu
348 1386 522 1468 nugarum⁸
547 1386 630 1446 nihil.
672 1385 755 1461 ltlilo,
776 1384 827 1466 qui
844 1399 1015 1466 numquam,
1035 1389 1098 1448 tum
1120 1401 1181 1448 casu

182 1533 187 1546 κ
267 1487 380 1552 pueros
409 1470 641 1552 symphoniacos
674 1468 780 1531 uxoris
811 1467 938 1529 ducebat
962 1473 992 1530 et
1015 1470 1179 1533 ancillarum

183 1569 188 1586 ·
267 1571 390 1699 greqes.
447 1553 518 1631 llle,
552 1553 603 1633 qui
631 1566 752 1634 semper
779 1567 883 1614 secum
914 1559 1031 1630 scorta,
1071 1561 1179 1636 semper

267 1654 326 1700 exo
341 1643 417 1715 etos,
446 1653 566 1717 semper
590 1635 677 1716 lupas
700 1636 833 1712 duceret,
864 1640 926 1696 tum
947 1638 1108 1716 neminem,
1130 1635 1179 1698 nisi

266 1727 299 1782 ut
321 1721 417 1783 virum
441 1739 465 1784 a
494 1721 560 1781 viro
591 1720 701 1781 lectum
732 1725 802 1780 esse
832 1716 960 1780 diceres.
1008 1719 1072 1782 Cur
1100 1722 1180 1802 igitur

266 1805 363 1867 uictus
388 1803 459 1866 est?
485 1801 561 1876 Quia
583 1809 645 1864 non
661 1819 789 1884 ,semper
812 1801 910 1862 viator
925 1821 941 1864 a
958 1803 1087 1881 latrone,
1109 1821 1178 1866 non-

266 1902 430 1967 numquam
463 1887 552 1947 etiam
588 1885 663 1948 latro
699 1905 716 1948 a
749 1886 866 1948 uiatore
901 1886 1066 1963 occiditur3
1110 1887 1177 1968 quia,

266 1988 446 2052 quamquam
477 1975 598 2050 paratus
631 1970 663 2030 in
701 1971 864 2051 imparatos
902 1968 1045 2048 Clodius,
1091 1975 1177 2033 tanen

154 2068 157 2076 ’
219 2055 375 2120 comulier
396 2053 542 2114 inciderat
563 2055 593 2113 in
615 2053 707 2115 viros.
749 2052 813 2114 Nee
841 2069 914 2115 uero
947 2054 992 2116 sic
1023 2061 1090 2117 erat
1119 2071 1178 2116 urn-

266 2155 356 2218 quam
377 2153 439 2197 non
461 2141 583 2217 paratus
605 2135 676 2200 llilo
699 2139 804 2198 contra
825 2137 928 2215 illum,
966 2144 1000 2199 ut
1028 2155 1091 2200 non
1117 2137 1177 2200 satis

151 2259 153 2264 ,
234 2251 236 2264 ι
265 2219 333 2280 lere
354 2225 436 2280 esset
456 2225 587 2300 paratus.
624 2217 762 2301 »Semper
786 2221 847 2297 ille,
877 2227 908 2282 et
947 2227 1070 2285 uantum
1093 2223 1177 2284 inter-

109 2341 112 2368 J
266 2308 349 2365 esset
370 2301 401 2364 P.
425 2301 533 2379 Clodii,
564 2305 731 2383 seperire,
755 2307 786 2365 'et
804 2309 914 2385 quanto
937 2305 981 2366 ili
1003 2305 1076 2367 odio
1099 2305 1176 2378 esset,

157 2431 159 2433 -
265 2393 297 2448 et
328 2393 469 2467 quantum
499 2386 551 2467 ille
583 2387 726 2465 auderet,
771 2387 933 2470 cogitabat.
987 2387 1177 2461 Quamobrem

264 2471 355 2533 uitam
380 2487 482 2546 suam,
512 2487 604 2550 quam
636 2471 774 2532 maximis
794 2471 925 2551 praemiis
949 2473 1132 2552 propositam
1152 2473 1177 2530 et

264 2571 351 2636 paene
375 2554 523 2616 addictam
545 2553 670 2629 sciebat,
697 2571 858 2633 numquam
880 2555 910 2614 in
929 2555 1097 2634 periculum
1119 2553 1176 2616 sine

262 2637 405 2718 praesidio
434 2643 464 2698 et
493 2638 559 2699 sine
580 2634 717 2698 custodia
739 2637 927 2719 proiiciebat.
976 2637 1066 2700 Adde
1089 2653 1176 2712 casus,

264 2719 341 2782 adde
371 2720 504 2786 incertos
533 2720 630 2782 exitus
652 2738 820 2801 pugnarum
841 2721 1026 2802 Martemque
1050 2739 1176 2784 eommu-

249 2821 342 2880 ¹nem,
367 2803 418 2884 qui
440 2821 521 2884 saepe
543 2803 722 2884 spoliantem
744 2805 853 2866 iamet
876 2805 1075 2867 exsultantem
1095 2821 1175 2868 erer-

201 2891 202 2898 ’
263 2887 297 2947 tit
326 2893 356 2949 et
386 2887 516 2967 perculit
547 2887 583 2948 ab
614 2887 749 2962 abieot03
796 2887 872 2948 adde
900 2887 1048 2966 inscitiam
1075 2888 1174 2971 pransi,

147 3013 149 3016 -
261 2971 346 3050 poti,
381 2971 536 3033 oscitantis
566 2970 668 3047 ducis,
704 2971 754 3050 qui
787 2987 877 3051 quum
906 2989 922 3032 a
952 2977 1041 3053 tergo
1067 2973 1174 3034 hostem

262 3053 458 3115 interclusum
479 3054 669 3135 reliquisset,
706 3053 780 3116 nihil
812 3053 850 3116 de
873 3055 939 3116 eius
961 3056 1105 3117 extremis
1127 3071 1175 3116 co-

97 3189 100 3198 .
262 3137 383 3199 mitibus
416 3138 578 3220 cogitavit,
619 3134 652 3199 in
685 3154 761 3218 quos
790 3134 933 3198 incensos
960 3139 1005 3201 ira
1036 3141 1175 3218 vitamque

142 3240 146 3248 ’
261 3219 375 3282 domini
401 3216 608 3301 desperantes
630 3237 720 3302 quum
752 3220 927 3298 incidisset,
969 3221 1057 3284 hesit
1086 3221 1174 3284 iniis

244 3305 387 3384 poeno,
424 3321 499 3385 quas
529 3303 566 3366 ab
601 3321 638 3365 eo
669 3304 750 3365 servi
779 3302 884 3366 fideles
908 3321 965 3385 pro
991 3305 1103 3368 domini
1123 3305 1174 3365 uita

203 3411 250 3458 qn
261 3389 479 3468 expetiverunt.
523 3386 585 3449 Gur
605 3388 699 3469 igitur
719 3403 774 3450 eos
796 3387 993 3450 manumisit?
1035 3387 1174 3456 Metuebat

261 3472 396 3548 seilicet,
433 3489 473 3532 ne
504 3472 688 3549 indicarent,
725 3490 764 3532 ne
795 3470 932 3532 dolorem
962 3471 1101 3552 perferre
1121 3487 1172 3533 noo

259 3559 404 3636 possent,
439 3572 479 3616 ne
508 3555 666 3618 tormentis
696 3559 879 3637 cogerentur
898 3555 1043 3624 ,occisum
1074 3571 1172 3620 esses

239 3773 242 3786 =
298 3748 401 3870 ¹coqd.
421 3747 526 3816 (M.)
544 3777 575 3788 -
590 3751 617 3802 id
633 3750 784 3818 praesertim.
824 3751 918 3804 ²non.
957 3751 1021 3806 ιΕ.
1040 3778 1072 3790 -
1087 3749 1171 3818 nonio

296 3834 383 3872 comt.
