2468 4318
273 205 697 312 ruucitsrurusn.
882 252 1014 310 ..ros'
1100 235 1102 242 '

293 353 315 396 Ι

18 431 63 493 Ac
83 425 158 492 mibi
181 424 317 509 quidem,
341 423 484 501 Quirites,
513 383 603 508 quum
629 425 682 489 illa
703 423 871 490 certissima
885 431 955 490 sum
966 433 999 483 1³
1062 383 1067 386 ’
1157 469 1160 480 .

20 516 82 575 visa
101 516 285 594 argumenta
307 516 396 592 atque
416 509 527 571 indicia
549 510 685 588 sceleris,
706 510 834 588 tabellae,
855 510 955 593 signi,

20 614 136 674 manus,
167 595 302 674 denique
324 593 563 674 uniuscuiusque
585 593 750 671 confessio,
777 601 839 658 tum
860 593 954 656 multo

20 681 150 741 certiora
173 679 271 754 illal,
293 678 388 754 color,
413 676 504 752 oculi,
530 677 638 751 vultus,
663 669 857 757 taciturnitas.
886 675 957 758 ¹Sic

21 764 98 824 enim
124 763 359 843 obstupuerant,
390 759 436 822 sio
459 764 570 822 terrem
592 761 791 838 intuebantur,
821 762 866 824 sie
886 759 956 824 lur-
1029 837 1033 846 .

23 848 72 908 tim
94 861 326 925 nonnumquam
350 845 428 904 inter
447 860 484 907 se
504 842 724 926 adspiciebaot,
757 851 875 908 utnon
896 845 955 907 iam

23 930 57 992 ab
80 930 150 992 aliis
166 928 317 1005 indicari,
339 927 393 988 sed
417 927 475 1007 ipsi
497 945 514 988 a
536 945 571 990 se
592 928 802 990 viderenturi.

106 1007 238 1074 lndiciis
260 1010 407 1092 expositis
432 1015 521 1092 atque
543 1011 650 1094 editis,
682 1011 832 1090 Quirites,
862 1029 955 1074 sena·
1016 993 1041 1064 6

23 1102 78 1157 tum
100 1095 269 1174 consului,
301 1095 475 1157 desummo
497 1094 673 1176 republica
701 1095 775 1176 quid
795 1094 861 1158 lieri
884 1096 956 1240 pla-

24 1183 112 1257 cerei.
165 1179 265 1241 Dictae
294 1185 365 1254 sunt
387 1195 404 1238 a
427 1177 616 1259 principibus
646 1179 800 1242 acerrimae
827 1198 862 1242 ac
899 1196 955 1242 or-

26 1263 145 1324 tissimae
168 1263 347 1340 sententiae,
388 1278 463 1341 quas
494 1268 616 1324 senatus
640 1263 707 1325 siue
728 1263 790 1326 ulla
811 1263 956 1327 varietate
1040 1284 1043 1292 ¹
1146 1331 1148 1338 ,

25 1353 68 1407 est
88 1351 286 1410 consecutus.
343 1343 380 1407 Et
408 1345 551 1426 quoniam
571 1345 714 1408 nondum
745 1352 791 1408 est
816 1347 955 1428 perseri-
1083 1393 1087 1400 .

26 1434 102 1508 ptum
124 1427 437 1505 senatusconsultum,
462 1446 501 1490 ex
522 1430 667 1492 memoria
689 1429 787 1507 robis,
812 1429 954 1507 Quirites,
985 1460 988 1466 ·
1078 1479 1080 1483 .

26 1513 92 1590 quid
124 1520 255 1578 senatus
288 1513 458 1589 censuerit,
505 1529 687 1593 exponam..
721 1513 852 1576 Primum
883 1512 1001 1578 mihim

28 1597 126 1678 gratie
143 1597 252 1659 verbis
268 1595 461 1676 amplissimis
476 1602 615 1677 aguntur,
638 1595 718 1676 qnod
735 1597 856 1674 virtute,
877 1613 955 1658 eon-

27 1677 104 1756 silio,
132 1679 326 1760 providentia
349 1697 416 1740 mea
438 1695 488 1740 res
510 1678 630 1760 publiea
653 1679 791 1742 maximis
811 1678 956 1761 periculis

29 1761 85 1821 sita
122 1763 273 1838 liberata3
312 1761 426 1824 'deinde
454 1761 488 1823 t.
509 1761 646 1824 Flaccus
667 1768 697 1824 et
721 1761 754 1824 C.
780 1762 955 1846 Pomptinus

27 1851 189 1924 pretores,
230 1846 314 1927 quod
343 1862 448 1909 eorum
478 1860 572 1930 opera
604 1843 677 1910 lorti
707 1845 850 1928 fidelique
882 1863 956 1909 usus
1011 1849 1017 1914 ’,

32 1943 143 2008 essem,
173 1931 286 1992 merito
305 1947 342 1992 ac
364 1929 431 1992 iure
453 1929 629 2005 laudantur3
666 1936 754 2012 atque
776 1932 865 1992 etiam
887 1931 955 1993 viro

32 2005 116 2089 lorti,
143 2015 276 2096 collegae
297 2029 383 2092 meo,
411 2014 477 2078 laus
497 2014 684 2094 impertitur,
708 2014 789 2097 quod
809 2031 883 2092 eos,
904 2015 956 2095 qui

32 2090 113 2156 buius
135 2097 358 2160 coniurationis
382 2097 545 2178 participes
567 2096 704 2176 fuissent,
735 2098 838 2161 esuis
859 2103 890 2160 et
909 2098 956 2160 rei

33 2175 179 2253 publieae⁴
218 2179 360 2242 consiliis
385 2181 574 2252 removisset.
630 2179 731 2263 Atque
760 2182 801 2244 ita
822 2200 955 2246 censue-

32 2266 112 2338 runt,
143 2269 177 2325 nt
208 2265 241 2326 P.
263 2263 425 2342 Lentulus,
458 2282 547 2345 quum
571 2271 755 2346 septetum
776 2265 955 2345 abdicasset,

35 2342 275 2411 inteustodiam
301 2346 487 2423 traderetnr;
518 2347 648 2430 itemque
669 2350 713 2412 uti
736 2347 769 2410 C.
790 2348 956 2433 cethegus,

34 2421 63 2518 b.
82 2427 228 2503 Statilius,
246 2429 278 2492 Ρ.
301 2430 456 2508 Gabinius,
482 2431 533 2512 qui
551 2448 656 2494 omnes
677 2439 843 2514 presentes
860 2439 954 2510 erant,

35 2525 62 2568 rn
81 2515 246 2578 custodiam
267 2515 457 2576 traderentur
464 2533 473 2590 ;
510 2515 598 2595 atque
620 2515 699 2578 idem
722 2516 781 2580 hoe
801 2515 954 2578 decretum

38 2596 129 2657 estin
156 2597 190 2660 t.
218 2596 376 2677 Cassium,
410 2599 461 2679 qui
490 2598 547 2660 sibi
576 2599 823 2680 procurationem¹
845 2600 954 2661 incen-

38 2673 133 2740 dendae
154 2683 240 2744 urbis
262 2681 493 2762 depoposcerat,
523 2683 553 2743 in
576 2681 621 2744 ll.
641 2681 817 2764 Caeparium,
846 2684 894 2746 cui
916 2682 955 2746 ad
1025 2745 1030 2752 ,

39 2759 237 2849 sollicitandos
266 2771 405 2847 pastores·
433 2765 571 2846 Apuliam
603 2783 673 2828 esse
696 2767 868 2837 attributam.
891 2772 956 2828 erat
1046 2815 1053 2828 .

39 2841 207 2928 indicatum,
239 2849 270 2911 in
302 2848 333 2909 P.
367 2849 502 2926 Furium,
534 2850 585 2930 qui
616 2845 664 2912 esi
692 2868 732 2912 ex
760 2851 798 2912 iis
825 2851 965 2928 colonis,

40 2941 106 3000 quos
129 2929 254 2995 Fesulas
276 2932 310 2994 t.
330 2929 413 2996 Sulla
436 2931 569 3010 deduxit,
599 2933 630 2995 in
656 2933 691 3006 Q.
714 2932 855 2997 Manlium
879 2933 955 2998 Chi-

41 3002 147 3089 lonem,
181 3017 233 3098 qui
251 3035 311 3078 una
333 3033 400 3078 curn
424 3015 483 3077 hoc
504 3015 594 3079 Furio
614 3034 735 3098 semper
757 3024 823 3079 erat
843 3019 877 3082 in
897 3018 955 3080 bac

41 3086 229 3180 Allobrogum
251 3099 467 3162 sollicitatione
487 3105 634 3176 versatus,
654 3101 685 3162 in
706 3098 737 3161 P.
762 3099 955 3178 Umbrenum,

43 3167 201 3265 libertinum
220 3183 381 3261 hominem,
410 3201 427 3246 a
450 3200 510 3265 quo
528 3185 656 3265 primum
678 3181 781 3247 Gallos
804 3185 840 3247 ad
860 3185 954 3248 Gabi-

42 3267 114 3320 ¹¹¹lm
141 3267 303 3342 perductos
335 3283 404 3348 esse
433 3267 598 3330 constabat.
650 3266 753 3349 Atque
774 3287 810 3330 ea
832 3269 954 3332 lenitate

45 3348 152 3430 sinatus
172 3367 245 3413 usus
270 3351 361 3428 est⁶.,
392 3349 540 3429 Quirites,
569 3357 620 3429 ut,
646 3369 686 3413 ex
707 3357 788 3414 tanta
809 3351 1000 3422 coniurat-15

46 3421 116 3514 litte
143 3435 282 3515 uncaque
312 3434 341 3496 vi
372 3451 408 3496 ae
428 3435 618 3498 multitudine
640 3435 873 3498 domesticorum
893 3434 954 3496 bo·
1045 3447 1049 3457 '

48 3508 124 3570 suum
151 3532 259 3580 novem
296 3517 449 3582 hominum
484 3519 756 3600 perditissimorum
786 3535 886 3602 poena
919 3537 955 3581 ra

48 3637 258 3676 '’N-.-

80 3718 87 3747 '
109 3697 285 3790 cota.-r}1„
306 3749 371 3790 cort.
409 3741 423 3772 ²
445 3727 516 3792 codd.
533 3763 569 3778 -·
587 3739 634 3790 scd
656 3739 771 3794 indicare
792 3753 820 3788 se
833 3737 888 3804 'ipsi
901 3719 958 3788 uid.

29 3789 33 3802 ³
80 3787 171 3851 'Md-
190 3833 222 3842 “·
243 3810 457 3875 terrestrum.
504 3811 564 3861 ⁴¹ot
583 3827 598 3861 a
618 3811 655 3861 rei
675 3809 700 3876 'p-
741 3807 861 3870 'wide
882 3808 953 3859 ΝΜ·
1052 3873 1055 3882 .

78 3883 107 3899 “-
123 3876 172 3926 turn
190 3879 223 3930 in.
262 3880 273 3910 ⁰
294 3879 365 3932 codd.
384 3905 417 3918 -
439 3889 479 3932 cst
497 3897 567 3933 usus.
