2468 4318
199 257 203 272 .
272 176 328 280 aa
405 279 407 288 ,
593 215 887 304 onarror.

185 395 207 470 7
271 393 358 461 Nunc
387 407 462 458 vero
486 409 554 474 qun
580 398 703 458 tuaest
733 394 791 458 iste
820 393 907 458 vita?
951 391 1003 458 Sic
1028 393 1111 458 'enim
1141 395 1193 458 ian

271 486 371 542 tecum
402 477 528 559 loquar,
560 492 623 540 non
653 483 685 542 ut
714 477 785 540 odio
814 483 969 560 permotus
991 494 1061 540 esse
1085 479 1194 556 videar,

272 581 332 647 quc
357 562 466 638 debeo,
494 560 551 626 sed
571 567 603 625 ut
624 561 844 639 misericordia,
873 579 941 643 quae
962 561 1016 624 tihi
1040 562 1125 626 nulla
1144 563 1194 626 de-

270 647 367 710 betur.
409 642 525 707 Venisti
549 645 652 727 paullo
676 651 745 708 ante
767 645 800 708 in
822 651 968 708 senatum.
1011 642 1086 718 Quis
1110 653 1142 708 te
1162 665 1195 708 ex

271 730 330 794 hac
350 733 429 790 tanta
450 726 633 810 frequentia,
662 734 706 791 tot
727 745 768 790 ex
788 729 847 792 tuis
870 729 975 792 amicis
996 746 1033 794 ec
1052 735 1195 792 necessa-

271 814 326 876 riis
348 811 511 875 salutavit?
532 812 647 884 sinac
666 817 736 893 post
757 811 911 875 hominum
927 812 1106 886 memoriam
1124 829 1193 875 con-

271 897 340 980 tigit
361 896 484 973 nemini,
508 897 592 960 vocis
616 901 775 976 exspectas
798 896 1021 972 contumeliam,
1046 915 1139 976 quum
1158 897 1194 958 sis

271 979 453 1066 gravissimo
483 980 597 1042 iudicio
623 980 833 1044 taciturnitatis
857 979 1050 1065 oppressus?
1097 978 1193 1054 Quid?

222 1123 230 1140 ,
273 1063 356 1147 quod
374 1062 505 1128 adventu
519 1069 571 1126 tuo
590 1064 648 1127 ista
663 1063 807 1128 subsellia
825 1061 1001 1126 vacuefacta
1018 1069 1100 1140 sunt,
1123 1061 1194 1144 quod

273 1164 379 1210 omnes
399 1146 595 1223 consulares,
625 1148 677 1230 qui
696 1147 750 1209 tibi
772 1163 909 1228 persoepe
931 1147 968 1210 ed
988 1147 1103 1210 coedem
1126 1163 1193 1208 coo-

273 1231 366 1296 stituti
390 1229 530 1307 fuerunt,
563 1231 762 1312 simulatque
783 1230 941 1306 assedisti,
973 1237 1094 1312 partem
1117 1232 1194 1293 istam

267 1313 488 1378 ¹subselliorum
511 1313 621 1378 nudam
646 1320 736 1396 atque
759 1315 880 1376 inanem
898 1313 1108 1395 reliquerunt,
1142 1327 1193 1394 quo

228 1413 262 1462 ιι
274 1396 392 1460 tandem
415 1400 515 1460 enimc
539 1398 599 1460 hoc
618 1398 672 1460 tibi
694 1396 854 1460 ferendum
878 1397 990 1480 putes?
1023 1397 1114 1461 Servi
1136 1413 1194 1463 mc-

272 1480 420 1545 herculel
453 1482 512 1544 mei
543 1482 571 1544 si
594 1500 642 1544 me
671 1482 731 1544 isto
760 1487 849 1563 pacto
879 1487 1065 1558 metuerent,
1110 1487 1143 1544 ut
1170 1485 1193 1540 te

272 1570 410 1628 metuunt
430 1582 536 1628 omnes
558 1567 641 1628 cives
662 1566 722 1641 tui,
757 1562 879 1627 domum
899 1583 996 1626 meam
1018 1565 1192 1646 relinquen-

272 1649 340 1712 dam
361 1655 517 1730 putarem;
551 1655 583 1713 tu
607 1649 660 1712 tibi
683 1649 789 1712 urbem
813 1665 875 1710 non
898 1648 1081 1712 arbitraris?
1112 1655 1153 1724 et,
1171 1645 1193 1708 si

252 1751 321 1796 ,me
342 1733 418 1794 meis
441 1733 557 1796 civibus
581 1734 691 1798 iniuria
715 1739 889 1813 suspectum
911 1739 970 1796 tam
993 1732 1132 1814 graviter
1152 1736 1193 1794 at-

272 1833 332 1898 que
355 1813 505 1878 offensum
527 1815 681 1893 uiderem,
712 1833 819 1878 carere
842 1833 891 1878 me
913 1816 1058 1898 adspectu
1081 1815 1193 1888 civium,

271 1918 362 1984 quam
383 1897 501 1962 infestis
523 1899 621 1964 oculis
654 1900 787 1962 omnium
812 1899 950 1981 conspici
978 1899 1120 1975 maliem;
1159 1903 1193 1972 tu,

272 2002 366 2067 quum
396 1983 581 2046 conscientia
608 1983 759 2046 scelerum
779 1987 899 2046 tucrum
925 2000 1076 2065 agnoscas
1101 1981 1192 2044 odium
1227 2049 1228 2056 ἵ

272 2066 406 2130 οιιιιιίιιιιι
427 2066 538 2128 iustum
561 2073 592 2128 et
619 2067 751 2132 iamdiu
776 2065 855 2129 tibi²
887 2066 1037 2143 debitum,
1073 2065 1192 2138 dubitas,
1227 2117 1228 2124 ,

272 2167 402 2232 quorum
423 2154 538 2211 mentes
563 2167 733 2231 sensusque
761 2150 923 2228 vulneras,
957 2167 1063 2212 eorum
1088 2149 1192 2229 adspe-

272 2240 353 2296 ctum
374 2233 626 2315 praescntiamque
651 2233 771 2296 vitare?
815 2232 847 2297 si
879 2240 908 2296 te
938 2239 1082 2315 parentes
1111 2234 1192 2295 time-

271 2322 340 2380 rent
363 2320 453 2397 atque
474 2315 609 2379 odissent
630 2318 685 2395 tui,
708 2335 808 2398 neque
833 2333 889 2379 eos
909 2317 972 2380 ulla
992 2317 1111 2381 ratione
1132 2314 1193 2396 pla·
1226 2369 1227 2405 ,

272 2416 485 2481 compassos,
508 2406 540 2461 ut
559 2401 679 2482 opinor,
701 2401 738 2464 ab
762 2418 868 2464 eorum
891 2401 988 2470 oculis
1003 2400 1107 2480 aliquo
1123 2415 1192 2461 ccu-

272 2483 400 2548 cederes
407 2502 417 2559 ;
442 2501 524 2547 nuuc
545 2489 574 2546 te
595 2484 702 2566 patria,
724 2501 792 2567 quae
815 2485 982 2548 communis
1006 2490 1053 2545 est
1068 2483 1192 2546 onmium

272 2573 408 2632 nostrum
438 2585 569 2648 parens,
604 2567 668 2630 odit
698 2586 733 2630 ac
761 2568 865 2632 metuit
886 2573 917 2629 et
938 2567 1049 2630 iamdiu
1071 2574 1102 2629 te
1126 2560 1192 2627 nihii

272 2650 385 2714 iudicat
412 2651 472 2713 nisi
504 2649 542 2713 de
571 2650 735 2732 parricidio
765 2669 822 2715 suo
853 2651 999 2734 cogitare.
1045 2649 1140 2712 Huius
1165 2653 1192 2708 tu

271 2753 372 2816 neque
394 2735 600 2797 auctoritatem
622 2735 769 2797 verebere
790 2753 890 2816 neque
909 2735 1051 2799 iudicium
1068 2746 1191 2814 sequere

150 2827 153 2836 “
227 2836 261 2885 ιι
271 2835 372 2900 neque
395 2818 456 2880 vim
479 2817 703 2899 pertimesces?
743 2818 817 2891 Quae
840 2825 956 2896 tecum,
986 2817 1132 2894 Catilina,
1153 2814 1191 2876 sic

272 2902 336 2982 agit
365 2907 395 2964 et
426 2900 653 2984 quodammodo
679 2902 768 2965 tacita
796 2902 946 2984 loquitur:
993 2900 1114 2962 Nullum
1140 2899 1190 2960 iarn
1224 2897 1225 2949 i

272 2984 412 3066 aliquot³
445 2985 532 3048 annis
557 2984 674 3048 facinus
705 2986 820 3048 exstitit
841 2987 900 3050 nisi
920 2988 980 3068 per'
1000 2990 1050 3060 te,
1086 2982 1189 3046 nullum

271 3067 418 3150 flagitium
441 3069 508 3132 sine
528 3074 576 3145 te;
619 3069 673 3131 tibi
697 3070 749 3133 uni
772 3069 934 3132 multorum
955 3068 1066 3131 civium
1096 3081 1189 3138 neces,

217 3179 220 3192 ·
272 3151 326 3215 tibi
357 3154 477 3214 vexatio
508 3152 699 3234 direptioque
727 3154 880 3216 sociorum
907 3153 1052 3233 impunita
1078 3150 1134 3214 suit
1161 3161 1189 3208 ac

271 3235 386 3311 iibera3
408 3243 441 3300 tu
462 3252 525 3298 non
545 3236 644 3298 solum
667 3235 704 3300 ad
727 3235 927 3319 negligendas
949 3235 1035 3316 leges
1061 3240 1091 3298 et
1114 3247 1189 3314 que-

272 3320 399 3397 stiones,
433 3337 538 3382 verum
561 3319 711 3382 etiamad
733 3318 924 3394 vincendas⁴
947 3315 1188 3401 perfringendas-

271 3421 331 3484 que
352 3403 481 3466 valuisti.
526 3401 689 3484 Superiora
714 3403 776 3478 illa,
796 3420 976 3484 quemquam
998 3401 1122 3463 ferenda
1136 3412 1187 3459 non

270 3485 412 3562 inerunt,
434 3492 549 3563 tamen,
578 3491 610 3549 ut
631 3487 735 3567 potui,
765 3487 838 3562 tuli.;
881 3503 962 3548 nunc
984 3501 1058 3548 vero
1079 3502 1126 3545 me
1146 3487 1187 3541 to·
1221 3531 1222 3554 ,

271 3573 330 3630 tam
352 3587 423 3632 esse
445 3569 476 3631 in
505 3575 586 3632 metu
610 3577 736 3652 propter
757 3587 849 3634 unum
872 3570 946 3651 te⁶,
982 3567 1125 3650 quidquid
1145 3565 1187 3625 in·
1220 3560 1222 3633 i

310 3699 482 3753 ¹neterote.
530 3699 621 3752 ’etc
640 3709 700 3753 cett.
720 3727 753 3738 -
773 3701 820 3754 tibi
840 3703 892 3756 diu.
943 3697 1095 3764 'Quintit.‚
1115 3690 1186 3749 catto

305 3769 363 3822 edd.
380 3779 438 3822 cett.
458 3795 493 3806 -
511 3771 690 3838 aliquot-iam.
729 3771 839 3824 *rodat
852 3799 887 3812 -
902 3771 1066 3824 evertendas.
1104 3761 1185 3817 ‘cod-⁵
1220 3823 1221 3838 ,

306 3837 361 3890 eat.
380 3847 439 3926 'fu'
457 3865 492 3876 --
508 3848 535 3890 te
557 3856 644 3892 unum.
800 3936 804 3942 β
966 3925 969 3934 ¹
