2546 4310
179 160 330 220 ,io
461 171 473 248 Ι·
617 131 870 212 onsrro'

270 326 443 417 ,presertim
466 327 542 394 nihil
571 335 671 412 esset,
703 327 786 412 quod
816 332 868 392 nut
893 327 971 412 putri
1003 329 1123 412 gratius
1155 336 1214 394 aut

277 413 337 478 sihi
359 411 518 477 iucundius
542 418 593 476 out
612 431 648 477 re
669 431 743 477 vera
764 411 924 476 honestius
943 411 1060 476 dooere
1088 421 1215 496 posset.

170 505 172 512 '
231 495 388 560 ouOdium
419 497 512 581 igitur
544 497 724 559 acerrimum
751 495 846 577 patris
876 496 909 558 in
938 495 1031 559 filium
1062 515 1104 559 ex
1136 496 1215 577 hoe,

279 580 400 666 opinor,
420 578 597 656 ostenditur,
627 580 729 658 Eruci,
757 578 841 660 quod
862 579 942 642 huno
961 580 1026 642 ruri
1050 599 1125 648 esse
1148 600 1216 662 pa-

278 665 418 728 tiebatur.
470 661 620 745 Numquid
642 671 689 727 est
710 662 817 726 aliud?
859 662 952 726 Immo
973 679 1067 742 vero,
1097 664 1217 746 inquit,

279 753 345 824 est;
365 764 435 809 nom
457 745 754 810 istum-exheredare
775 746 808 808 in
827 745 1088 810 nnimo'hnbebot.
1139 747 1216 810 Au-

279 829 351 906 dio;
393 846 475 892 nuno
503 828 579 893 dicis
606 828 739 913 aliquid,
772 829 854 910 quod
880 829 918 893 nd
947 847 1012 892 rem
1036 831 1197 912 pertinent
1204 850 1216 906 3

279 931 349 978 num
378 911 450 992 ills,
484 913 613 996 opinor,
649 921 682 976 tu
712 929 833 998 quoque
856 913 999 978 coneedis
1024 912 1109 977 levia
1139 931 1218 978 esse

280 1003 371 1078 atquo
391 997 508 1079 inepta:
533 1031 571 1042 -
595 995 741 1061 Convivia
763 1013 830 1059 cum
850 1004 938 1078 patre
951 1013 1015 1059 non
1035 996 1145 1060 inibat.
1172 1031 1215 1042 -

236 1087 239 1094 ’
281 1081 401 1162 Quippe
408 1099 419 1156 3
452 1079 589 1162 quitne
610 1082 643 1144 in
667 1078 809 1163 oppidum
830 1079 962 1161 quidem,
989 1079 1049 1142 nisi
1065 1096 1219 1162 perraro,

224 1219 225 1230 ,
279 1165 407 1228 veniret
437 1197 475 1208 -
505 1163 634 1226 Domum
658 1180 743 1227 suom
764 1163 854 1226 istum
873 1181 936 1226 non
956 1162 1023 1226 iere
1046 1163 1219 1246 unusquam

280 1246 418 1311 vocabat.
440 1281 478 1291 -
500 1246 565 1309 Neo
584 1246 710 1325 mirum,
757 1246 789 1308 ui
810 1264 912 1329 neque
937 1246 970 1312 in
992 1245 1069 1310 urhe
1089 1249 1220 1316 viveret

168 1328 217 1404 19
280 1347 382 1412 neque
399 1337 597 1394 revocaturus
619 1336 710 1393 esset.
781 1347 867 1394 erum
889 1329 954 1392 haeo
969 1334 1001 1392 tu
1017 1347 1144 1412 quoque
1157 1330 1220 1393 in-

280 1414 396 1496 telligis
414 1431 485 1478 esse
502 1414 679 1498 nugator-im
701 1411 786 1491 illud,
808 1412 890 1495 quod
908 1413 1076 1496 coepimus,
1096 1412 1218 1476 viden-

280 1516 367 1576 mus,
412 1514 474 1580 quo
501 1498 613 1562 oertius
644 1501 852 1580 argumentum
874 1496 937 1561 odii
962 1495 1092 1579 reperiri
1122 1497 1219 1560 nullo

137 1623 146 1634 ·
234 1581 371 1648 mnodo
401 1587 512 1665 potest
577 1580 772 1644 Exheredero
801 1585 889 1662 pater
923 1578 1016 1643 tilium
1044 1579 1219 1663 cogitabat.

280 1665 525 1747 hiittoquaerere,
547 1683 607 1746 qua
620 1665 658 1727 de
669 1681 782 1740 oausa3
805 1680 920 1745 quaero,
941 1663 1102 1745 quisoias3
1127 1670 1219 1726 tam-

281 1750 340 1814 etsi
361 1755 392 1812 te
418 1748 521 1811 dicere
542 1753 632 1829 atque
652 1763 830 1810 enumerare
851 1764 958 1811 causas
980 1762 1086 1810 omnes
1108 1763 1221 1829 opor-

281 1833 374 1910 tebat,
395 1837 425 1894 et
448 1831 480 1894 id
500 1835 566 1894 erat
587 1830 661 1893 certi
683 1832 869 1894 accusatoris
892 1829 1035 1909 officium,
1061 1829 1114 1913 qui
1135 1831 1221 1894 tanti

282 1914 411 1982 sceleris
433 1920 591 1998 urgueret,
623 1914 779 1996 explicere
801 1914 902 1977 omnio
924 1914 997 1978 vitio
1016 1921 1105 1997 etque
1129 1932 1220 1996 peo-

283 2005 349 2062 onta
371 1995 443 2077 filii,
475 1997 584 2079 quihus
609 1998 762 2062 incensus
780 2015 892 2080 parens
916 1999 1047 2080 potuerit
1075 1997 1221 2062 animum

281 2081 447 2161 inducere,
474 2086 510 2143 ut
538 2087 674 2144 naturum
705 2082 801 2163 ipsam
837 2081 988 2160 vinceret,
1018 2086 1051 2144 ut
1074 2099 1220 2146 amorem

282 2166 368 2228 illum
388 2164 508 2246 penitus
529 2164 651 2227 insitum
674 2165 799 2229 eiiceret
822 2183 862 2228 ex
885 2165 997 2245 anino,
1019 2170 1053 2228 ut
1075 2164 1221 2247 denique

281 2254 398 2395 Entrem
418 2265 488 2312 esse
511 2265 581 2311 sese
603 2248 850 2326 oblivisceretur,
895 2265 962 2331 quse
991 2249 1059 2312 sine
1088 2250 1220 2332 magnis

184 2409 187 2415 ¹
304 2330 411 2396 uiusee
450 2332 584 2414 peccatis
623 2331 763 2396 occidere
797 2331 936 2414 potuisse
975 2349 1039 2396 non
1068 2331 1220 2396 arbitror.

238 2415 396 2479 otverum
417 2415 553 2480 ooneedo
573 2415 646 2494 tibi,
674 2420 708 2479 ut
728 2434 766 2478 ea
788 2421 969 2498 proterens,
999 2431 1083 2497 que,
1114 2433 1220 2496 quum

283 2505 385 2578 troes,
418 2499 503 2564 nulle
525 2518 596 2564 esse
626 2499 780 2562 concedis.
821 2498 908 2562 lllum
932 2499 1052 2580 quidem
1072 2498 1221 2562 voluisse

282 2584 493 2664 exheredare,
526 2591 610 2647 certe
640 2589 673 2646 tu
700 2583 823 2664 planum
852 2581 956 2647 faeere
978 2582 1081 2646 debes.
1129 2582 1219 2656 Quid

283 2685 361 2751 ergo
384 2668 495 2747 alters,
522 2685 617 2750 quare
638 2665 669 2729 id
691 2665 803 2730 factum
822 2667 987 2750 putemus?
1030 2667 1110 2729 Vere
1131 2666 1219 2731 nihil

283 2757 371 2835 potes
402 2751 514 2815 dicero.
563 2752 658 2834 Finge
688 2751 801 2833 aliquid
829 2751 936 2814 saltem
966 2749 1143 2828 commode,
1176 2757 1219 2814 ut

283 2854 325 2899 no
345 2834 436 2919 plane
456 2833 587 2898 videaris
605 2834 637 2898 id
651 2832 767 2916 faeere,
790 2828 872 2918 qudd
889 2842 993 2918 operte
1007 2835 1095 2912 ineis,
1117 2833 1216 2898 huius

256 2945 258 2952 >
285 2919 391 2988 miseri
410 2918 541 2982 fortrmis
563 2924 593 2982 et
613 2917 740 2997 horum,
767 2919 903 2995 ,virorum
923 2920 1045 2999 talium,
1069 2917 1217 3002 dignitati

284 3001 424 3071 illudere.
456 3037 494 3048 -
525 3001 720 3066 Exheredare
741 3001 835 3064 filium
854 3002 960 3066 voluit.
988 3037 1026 3088 ss
1051 3001 1148 3075 Quam
1170 3001 1215 3064 oh

283 3085 430 3150 oausam?
452 3120 490 3130 -
512 3084 634 3150 Nescio.
657 3121 694 3132 -
718 3084 985 3150 Exheredavitne‘?
1006 3120 1044 3131 -
1066 3084 1146 3150 Non.
1171 3120 1212 3130 -

285 3168 360 3243 Quis
381 3167 562 3253 prohibuit?
598 3203 636 3214 —
674 3167 842 3253 cogitabat.
867 3204 904 3215 -
928 3168 1010 3234 ΟιιίἋ
1042 3165 1145 3232 dixit?
1171 3203 1210 3214 -

282 3251 412 3318 Nemini.
444 3287 482 3299 -
515 3251 594 3326 Quid
609 3257 662 3316 est
683 3251 781 3333 eliud,
815 3249 996 3342 iudicione
1022 3251 1144 3398 legibus
1175 3269 1214 3314 no

282 3339 439 3402 maiestate
459 3343 562 3400 vestro
583 3337 666 3400 abuti
687 3335 726 3400 nd
747 3342 892 3419 questum
917 3343 1008 3420 etque
1037 3356 1055 3399 a
1103 3334 1212 3398 libidi-

282 3438 363 3500 nem,
381 3421 440 3484 nisi
459 3419 519 3484 hoo
535 3421 628 3484 modo
645 3437 790 3484 neousore
809 3425 898 3502 etque
915 3421 948 3484 id
960 3419 1107 3496 obiicere,
1127 3419 1213 3501 quod

283 3505 406 3586 planum
425 3502 530 3570 faeere
551 3521 615 3570 non
637 3503 728 3573 modo
751 3522 815 3569 non
834 3505 949 3588 possis,
969 3521 1075 3570 verum
1089 3521 1130 3566 ne
1151 3519 1212 3566 eo-

322 3695 333 3727 ¹
357 3665 461 3764 Quidue
479 3700 533 3766 qui.
588 3699 655 3752 ἱιιι
674 3698 728 3752 cod.
747 3707 772 3752 et
798 3700 837 3754 ed.
863 3708 911 3752 oet.
938 3725 973 3736 -
998 3695 1144 3766 cogitabat.
1175 3723 1211 3734 -

320 3764 480 3833 Cogitnbnt?
506 3772 556 3820 cui.
859 3799 862 3806 ·
