2468 4318
266 225 319 275 roa
570 215 888 290 enarrem.

265 387 525 456 tectadeiendunl.
555 389 640 462 Quos
655 405 724 463 vos,
738 389 882 470 Quirites,
896 391 1028 472 precari,
1041 397 1175 476 venerari,

267 476 455 559 implorare¹
482 473 616 549 debetis,
645 479 697 551 ut,
727 492 816 554 quam
836 474 943 538 urbem
960 478 1175 558 pulcherrimam

265 560 507 624 florentissimam
518 557 817 638 potentissimamque
832 575 902 620 osse
913 560 1084 641 voluerunt,
1103 564 1175 642 hane,

266 645 405 708 omnibus
433 641 563 703 hostium
590 641 689 721 copiis
710 647 792 704 terra
815 642 956 723 marique·
972 648 1136 726 superatis,
1162 667 1175 711 a

264 728 537 812 perditissimorum
561 723 671 786 civium
692 722 813 788 nelarie
830 725 951 788 scelere
973 727 1141 794 delendam.

906 921 914 938 Q

515 945 966 970 *η

803 999 808 1008 ι

257 1212 260 1220 Δ
390 1066 445 1226 ,’
560 1051 897 1244 canuno
1038 1165 1123 1202 ·.

261 1259 369 1372 1lt
429 1267 489 1368 n.
546 1265 1179 1412 eanmund

229 1459 231 1462 ’
612 1441 833 1508 TERTIA

695 1571 757 1626 ΑΙ)

538 1671 910 1764 durannus.

188 1805 209 1876 l
233 1770 360 1880 tRem
379 1814 542 1898 publicam,
563 1813 706 1895 Quirites,
726 1817 879 1900 vitamque
900 1815 1032 1880 omnium
1045 1822 1178 1890 vestrum,

259 1911 358 1988 bona,
388 1907 543 1985 fortunas,
570 1907 718 1992 coniuges
741 1908 916 1992 liberosque
936 1915 1077 1987 vestros,
1102 1916 1179 1990 atquc

258 1993 319 2057 hoc
345 1991 529 2055 domicilium
559 1991 719 2055 clarissimi
747 1983 888 2074 imperii,
923 1992 1180 2055 fortunatissimam

257 2075 554 2160 pulcherrimamque
575 2074 692 2155 urbem,
722 2075 871 2139 hodierno
896 2071 955 2153 dic,
979 2076 1109 2139 deorum
1130 2077 1180 2138 im·
1226 2140 1227 2145 ,

257 2159 429 2222 mortalium
449 2174 565 2222 summo
589 2176 663 2240 erga
685 2175 742 2223 vos
764 2178 887 2237 amore,
911 2159 1179 2238 laboribus,ccn-

258 2243 355 2322 siliis,
388 2242 564 2324 periculis²
596 2242 691 2321 meis,
723 2261 741 2305 e
772 2244 891 2307 flamma
922 2249 1011 2324 alque
1039 2243 1125 2306 lerro
1151 2259 1180 2304 ac

257 2343 345 2410 paene
367 2343 407 2393 ex
430 2325 568 2388 faucibus
592 2324 646 2387 fati
673 2332 807 2408 ereptam
838 2333 868 2390 ct
900 2327 988 2390 vobis
1019 2344 1180 2390 conserva-

228 2418 318 2475 atam
341 2429 377 2474 uc
397 2410 565 2472 restitutam
587 2409 707 2472 videtis.
746 2411 809 2489 ut,
841 2411 869 2474 si
893 2427 955 2474 non
976 2411 1077 2473 minus
1100 2411 1180 2473 nobis

256 2494 381 2560 iucundi
403 2501 494 2576 atque
513 2493 647 2556 illustres
669 2499 740 2556 sunt
760 2494 782 2556 ii
807 2493 891 2573 dies,
925 2493 1035 2576 quibus
1057 2511 1180 2558 conser-

256 2597 378 2655 vamur,
410 2595 500 2660 quam
531 2576 593 2655 illi,
627 2578 736 2657 quibus
763 2579 935 2655 nascimur,
969 2577 1049 2658 quod
1082 2577 1179 2647 salutis

256 2667 340 2725 certa
363 2661 464 2724 laetitia
488 2665 544 2737 est,
569 2660 715 2723 nascendi
736 2661 853 2723 incerta
875 2660 1026 2738 condicio,
1049 2669 1081 2724 et
1106 2657 1179 2742 quod

255 2747 324 2810 siae
345 2761 438 2808 sensu
461 2745 623 2822 nascimur,
648 2761 716 2806 cum
737 2746 893 2826 voluptate
917 2762 1085 2821 servamur,
1098 2761 1179 2826 pro-

254 2827 355 2907 lecto,
381 2827 522 2910 quoniam
543 2827 645 2906 illum,
670 2829 721 2908 qui
743 2827 821 2890 hanc
845 2827 950 2891 urliem
973 2827 1126 2904 condidit,
1147 2825 1179 2888 ad

255 2911 332 2976 deos
367 2911 551 2974 immortales
581 2910 796 2974 benevolentia
824 2909 964 2992 famaque
998 2912 1179 2985 sustulimus,

255 3013 326 3070 esse
348 2995 428 3078 apud
448 3012 505 3056 uos
524 3000 726 3076 posterosque
750 3001 869 3057 vestros
892 2997 924 3057 in
947 2993 1066 3057 honore
1089 2995 1179 3056 debe-

253 3079 298 3142 bit
318 3079 363 3155 is,
398 3077 449 3160 qui
471 3078 597 3142 eandem
620 3077 698 3140 hanc
718 3079 823 3140 urbem
845 3079 996 3141 conditam
1018 3078 1179 3160 amplifico-

249 3168 375 3245 tamque
394 3162 533 3224 servavit.
561 3157 656 3223 'Nam
676 3162 732 3225 toti
751 3162 840 3240 urbi,
870 3162 1009 3244 templis,
1039 3161 1178 3234 delubris,

253 3247 344 3310 tectis
367 3263 409 3326 ,ac
439 3244 598 3307 moenibus
629 3245 783 3307 subiectos
805 3262 903 3326 prope
925 3248 984 3308 iam
1006 3246 1095 3328 ignes
1120 3245 1178 3306 eir-

253 3329 470 3409 cumdatosque
490 3328 704 3405 restinximus,
738 3328 890 3410 iidemque
914 3328 1034 3412 gladios
1065 3329 1096 3392 in
1120 3343 1179 3389 rem

252 3412 405 3497 publicam
438 3411 599 3474 destrictos
633 3411 800 3475 retudimus
832 3429 1055 3494 mucronesque
1078 3425 1178 3475 eorum

223 3515 272 3566 aa
288 3496 401 3579 iugulis
416 3497 527 3558 uestris
546 3495 720 3568 deiecimus.
766 3494 839 3569 Qua
862 3492 1004 3576 quoniam
1025 3497 1057 3558 in
1076 3499 1178 3559 senatu

251 3579 419 3658 illustrata,
450 3577 616 3660 patelaeta,
648 3585 803 3661 comperta
824 3586 894 3642 sunt
915 3598 971 3662 per
995 3598 1062 3656 me,
1091 3577 1175 3640 vobis

249 3662 311 3727 iam
332 3679 482 3744 exponam
505 3663 656 3744 breviter,
693 3662 845 3742 Quirites,
877 3670 928 3745 ut,
961 3669 992 3728 et
1016 3669 1124 3748 quanta
1149 3663 1176 3720 et

287 3836 299 3871 ¹
318 3838 442 3892 venerari
460 3846 539 3906 etque
560 3839 632 3908 impl·
673 3839 687 3872 ⁹
707 3840 895 3910 periculisque.
