2468 4318
281 245 388 302 ms·
590 213 858 298 'ouarro

280 424 340 495 est,
361 412 445 500 ‘quod
465 413 590 480 deeius
609 413 731 478 civitate
751 409 901 491 dubitetis,
924 414 1091 496 presertim
1113 432 1197 498 quun

281 503 350 568 aliis
372 516 494 584 quoque
520 499 552 562 in
575 499 745 562 civitatibus
768 497 861 560 luerit
889 493 1085 580 adscriptus?
1129 501 1197 564 Ete-

281 589 345 651 nim
374 602 465 668 quum
488 582 691 646 mediocribus
712 582 813 645 multis
837 585 867 643 et
888 587 939 643 aut
959 582 1041 646 nulla
1065 591 1121 647 aut
1143 583 1197 647 bu-

281 669 346 734 mili
377 667 477 748 aliqua
496 671 560 728 arte
580 666 714 748 preditis
737 664 867 749 gratuito
890 665 1039 728 civitatem
1061 665 1096 730 in
1118 666 1198 730 Gre-

281 756 331 818 oia
350 751 489 815 homines
511 749 719 832 impertiebant
728 749 751 829 ¹,
771 746 926 830 Rheginos
948 749 1040 813 credo
1066 756 1118 814 aut
1141 751 1198 814 bo-

281 852 406 901 crenses
431 840 481 896 aut
500 832 718 915 Neapolitanos
742 840 792 896 aut
813 831 1001 911 Tarentinos,
1025 834 1110 915 quod
1133 853 1198 897 sce·

280 920 359 984 nicis
384 916 547 980 artificibus
580 916 686 998 largiri
713 917 871 994 solebant,
907 915 938 977 id
967 916 1056 996 huic,
1089 935 1198 981 sumum

150 1061 154 1073 .
246 1053 251 1066 ,
280 1001 397 1085 ingenii
418 1001 543 1082 praedito
564 999 674 1084 gloria,
698 1000 842 1063 noluisse.
886 997 992 1072 Quid?
1033 1019 1129 1082 quum
1150 1019 1197 1064 cc-

280 1087 339 1152 teri
358 1101 420 1148 non
443 1083 533 1148 modo
555 1090 626 1165 post
647 1083 795 1146 civitatem
819 1081 925 1160 datam,
947 1083 1002 1146 sed
1024 1085 1117 1147 etiam
1137 1089 1197 1166 post

280 1169 382 1252 legem
402 1167 524 1250 Papiam
548 1167 650 1248 aliquo
679 1166 769 1230 modo
794 1167 825 1228 in
845 1182 949 1228 eorum
971 1168 1197 1250 municipiorum

277 1251 396 1316 tabulas
418 1251 616 1333 irrepserint,
645 1250 712 1328 bic,
743 1249 794 1331 qui
815 1267 854 1312 ne
874 1249 968 1313 utitur
990 1250 1118 1331 quidem
1135 1251 1197 1327 illis,

281 1338 313 1400 in
336 1334 445 1417 quibus
467 1341 514 1397 est
534 1335 683 1415 scriptus,
716 1332 798 1414 quod
818 1349 940 1414 semper
959 1351 995 1395 se
1015 1333 1196 1397 Heracleen-

235 1445 268 1496 11
282 1439 346 1484 sem
366 1437 435 1482 osse
456 1419 562 1495 voluit,
590 1416 770 1480 reiicietur?
813 1414 930 1481 Census
951 1425 1075 1480 nostros
1098 1418 1196 1500 roqui-

279 1505 333 1568 ris.
365 1501 488 1567 Scilicet
495 1522 504 1578 3
526 1506 574 1564 est
597 1503 677 1563 enim
701 1499 874 1577 obscurum,
891 1500 1038 1582 proximis
1063 1501 1196 1565 censori-

279 1588 336 1652 bus
361 1586 447 1650 ·bunc
479 1604 547 1650 oum
575 1584 741 1647 clarissimo
776 1585 975 1665 imperatore,
1006 1584 1041 1646 L.
1064 1584 1196 1660 Lucullo,

173 1669 178 1676 “
279 1670 359 1754 apud
393 1671 559 1732 exercitum
588 1666 723 1746 luisse,·
749 1667 956 1749 superioribus
992 1686 1061 1730 oum
1098 1668 1196 1731 codem

279 1757 430 1837 questore
458 1752 553 1816 fuisso
576 1752 607 1814 in
630 1752 723 1828 Asia,
759 1751 880 1834 primis,
914 1749 990 1814 lulio
1018 1757 1050 1813 et
1081 1751 1196 1825 Crasso,

279 1839 392 1901 nullam
412 1836 519 1918 populi
546 1841 661 1916 partem
692 1852 762 1898 esse
792 1851 922 1896 censam.
969 1832 1030 1899 Sed
1061 1836 1195 1917 quonian
1230 1891 1231 1902 ,

279 1939 390 1998 census
419 1936 479 1982 non
509 1920 556 1982 ius
588 1919 715 1981 civitatis
746 1916 902 1980 confirmat
931 1937 966 1981 ao
996 1916 1196 1982 tautummodo
1230 1923 1231 1988 Ῑ

279 2005 409 2081 indicat,
438 2021 524 2079 eum,
554 2002 605 2085 qui
624 2003 663 2065 sit
684 2019 812 2077 census,
842 2002 884 2064 ita
904 2019 939 2064 se
960 2003 1018 2064 iam
1042 2007 1108 2066 tbm
1130 2018 1197 2085 ges-

279 2089 359 2152 sisse
382 2103 439 2168 pro
462 2086 546 2162 civo,
576 2087 613 2148 iis
635 2085 840 2167 temporibus,
869 2103 957 2166 quem
979 2091 1010 2148 tu
1032 2085 1196 2150 criminaris

168 2189 174 2200 “
279 2189 320 2234 no
344 2170 439 2251 ipsius
457 2169 577 2250 quidem
592 2169 705 2232 iudicio
721 2169 768 2232 in²
790 2170 899 2232 civium
916 2168 1123 2232 Romanorum
1141 2170 1196 2231 iure

280 2257 350 2315 ess'e
380 2259 548 2329 versatum,
581 2260 612 2315 et
640 2258 848 2315 testamentum
879 2270 960 2334 sepe
988 2252 1061 2317 lecit
1092 2251 1195 2315 nostris
1229 2289 1230 2294 κ

279 2336 399 2418 legibus
428 2342 458 2397 et
488 2336 559 2399 adiit
589 2336 771 2399 hereditates
801 2335 910 2398 civium
938 2335 1144 2414 Romanorum
1173 2339 1196 2394 ct

253 2419 310 2483 ιἰιι
335 2419 490 2484 beneficiis
514 2418 552 2484 ad
581 2420 719 2482 aerurium
752 2418 867 2482 delatus
897 2427 945 2482 est
971 2438 988 2482 a
1018 2420 1052 2482 b.
1073 2417 1195 2482 Lucullo

191 2511 217 2584 6
278 2503 464 2586 proconsule
476 2503 499 2565 ³.
555 2503 663 2577 Ouaere
691 2508 884 2586 argumenta,
915 2505 943 2567 si
973 2501 1065 2584 ιῐιιω4
1094 2509 1195 2584 potes3
1228 2533 1229 2536 ι

277 2605 439 2668 numquam
462 2587 541 2650 enim
563 2587 613 2650 bio
635 2604 734 2668 neque
752 2603 809 2649 suo
829 2604 929 2667 neque
954 2588 1123 2650 amicorum
1151 2585 1195 2647 iu-

279 2670 359 2734 dicio
383 2670 563 2734 revincetur.

233 2776 268 2827 ta
371 2752 494 2826 Quaeres
519 2773 536 2818 a
565 2753 672 2832 nobis,
705 2750 804 2831 Grati,
842 2770 897 2816 ear
920 2758 1002 2816 tanto
1025 2769 1124 2835 opere
1144 2751 1196 2814 boo

278 2835 401 2900 bomine
423 2835 615 2900 delectemur.
663 2836 741 2910 Quia
762 2836 933 2919 suppeditat
953 2837 1062 2915 nobis,
1098 2837 1152 2900 ubi
1171 2839 1195 2896 et

277 2920 395 2984 animus
418 2938 458 2982 ex
478 2920 537 2982 lroo
562 2921 678 2984 lorensi
709 2920 837 3000 ¹strepitu
870 2919 1021 2982 reficiatur
1051 2927 1082 2983 et
1112 2933 1195 2983 aures

278 3004 417 3067 convicio
442 3002 571 3072 delesse
592 3006 816 3086 conquiescant
858 3002 908 3066 An
923 3011 957 3066 tu
975 3004 1134 3066 existimes
1152 3007 1194 3066 aut

276 3092 440 3168 suppetere
461 3088 549 3152 nobis
571 3105 682 3169 posse,
713 3087 794 3167 quod
822 3087 958 3168 quotidie
986 3086 1140 3164 dicamus,
1168 3089 1194 3147 in

276 3176 357 3232 tauta
378 3171 521 3233 verietate
542 3188 661 3249 rerum,
693 3171 751 3233 nisi
781 3172 897 3254 animos
921 3175 1043 3234 nostros
1065 3170 1193 3234 doctrina

277 3254 471 3330 excolamus,
504 3261 555 3317 aut
577 3253 660 3316 ferre
682 3254 798 3317 animos
822 3259 933 3317 tantam
956 3271 1050 3336 posse
1071 3259 1193 3316 oonten-

277 3338 405 3415 tionem,
438 3336 498 3399 nisi
530 3355 584 3401 eos
607 3337 742 3400 doctrina
764 3337 869 3400 eadem
891 3336 1087 3400 relaxemus?
1133 3335 1192 3417 Ego

277 3437 352 3484 vero
376 3419 485 3497 fatcor,
515 3439 565 3484 mc
588 3420 635 3484 bis
660 3421 767 3485 studiis
789 3439 859 3486 csso
881 3419 1031 3497 deditum
1080 3425 1192 3484 ceterm

275 3553 507 3572 Μ

314 3652 324 3684 ¹
345 3652 568 3721 impertiebantur.
606 3651 620 3684 ³
640 3651 726 3704 eood.
741 3669 794 3707 uno
807 3655 855 3707 Oa.
871 3664 895 3707 et
911 3663 972 3706 out.
989 3649 1031 3716 E„
1053 3651 1097 3717 tt,
1122 3651 1188 3706 occ,

262 3772 265 3778 .
311 3721 369 3804 edd.
385 3732 446 3806 oeta
464 3721 537 3805 §qaas
557 3729 574 3773 t
592 3737 617 3804 ρ.
636 3738 661 3774 n.
678 3724 696 3774 i.
715 3739 741 3790 q.
758 3726 856 3777 iudicio
882 3724 932 3788 in).
955 3751 992 3764 -
1018 3732 1187 3792 quate-¹1·

311 3791 718 3926 ιιιιιιιοιιιιιιιῑε
735 3793 945 3848 0¹
965 3793 1023 3848 ιι·
1042 3817 1075 3832 -
1092 3793 1121 3846 ι·
1141 3789 1187 3844 ι·
1224 3863 1225 3868 ψ
