2554 4312
297 223 352 280 an
641 185 875 280 enarro

1255 377 1256 412 l

297 393 378 471 bant,
400 391 565 475 interquos
581 395 684 474 aperta
699 389 806 455 lectica
821 390 911 456 mima
923 389 1109 474 portabatur,
1130 411 1209 476 qnam
1255 421 1256 472 ς

298 497 338 542 ex
359 476 479 561 oppidis
504 476 701 558 municipales
718 475 855 538 homines
870 475 1001 552 honesti,
1025 476 1144 540 obviam
1158 496 1210 540 ne-
1255 475 1256 506 ¹

298 561 433 626 cessario
462 557 663 643 prodeuntes,
694 577 757 622 non
783 565 855 620 noto
888 560 941 621 illo
966 565 996 621 et
1017 561 1136 623 mimico
1158 578 1210 622 no-

297 648 395 722 mine,
436 643 491 707 sed
521 642 710 706 Volumniam
744 641 992 720 consalutabant;
1039 644 1209 726 sequebatur

296 729 392 793 rheda
414 729 482 789 oum
506 725 684 801 lenonibus,
718 727 843 789 comites
868 727 1046 807 nequissimi
1052 746 1062 802 3
1108 729 1210 790 reiecta
1255 755 1256 768 ι

296 819 393 876 mater
420 810 544 872 amicam
579 809 687 892 impuri
716 809 769 872 lilii
799 815 947 890 umquam
973 829 1082 872 nurum
1105 828 1209 892 seque·
1255 791 1256 836 ¹

157 905 163 918 ⁸
207 931 209 940 ν
282 897 391 959 bahur.
420 890 584 955 Omiserae
607 893 742 955 mulieris
764 891 976 957 fecunditatem
998 891 1209 957 catamitosmt

296 979 409 1042 llorum
444 975 625 1059 flagitiorum
658 977 718 1039 iste
747 976 884 1058 vestigiis
916 977 1015 1040 omnia
1047 977 1209 1058 municipia,

295 1061 512 1145 praefecturas,
550 1060 704 1136 colonias,
740 1065 831 1122 totam
861 1059 998 1144 denique,
1020 1059 1137 1124 ltaliam
1159 1061 1210 1122 im·
1255 1095 1256 1162 t

250 1150 573 1308 ⁶⁹'pressltteliquorum
603 1223 750 1288 factorum
783 1225 867 1300 eius,
910 1229 1013 1307 patres
1046 1225 1209 1308 conscripti,

295 1309 426 1374 difficilis
457 1315 503 1372 est
526 1327 600 1371 sane
623 1308 822 1391 reprehensio
853 1315 884 1371 et
905 1308 1029 1373 lubrica.
1075 1311 1208 1374 Versatur
1255 1349 1256 1360 ι

296 1395 327 1456 in
349 1394 430 1457 bello
454 1397 518 1468 est;
556 1393 700 1454 saturavit
722 1410 757 1456 se
780 1393 930 1475 sanguine
951 1392 1208 1458 dissimilhmorun
1255 1405 1256 1432 ³

296 1477 345 1541 sui
365 1477 490 1552 civium
514 1475 589 1538 lelix
610 1475 675 1551 luit,
699 1476 725 1539 si
748 1483 849 1559 potest
871 1476 934 1550 ulla
953 1478 985 1539 in
1008 1478 1128 1541 scelere
1148 1494 1208 1540 essa

294 1560 434 1624 felicitas.
480 1559 540 1625 Sed
569 1561 711 1642 quoniam
738 1561 889 1622 veteranis
921 1566 1040 1623 cautum
1067 1579 1138 1624 esse
1158 1577 1208 1622 rc·
1255 1619 1256 1632 ,

251 1655 252 1660 ’
295 1644 411 1720 lumus,
454 1661 631 1725 quamquam
664 1643 816 1706 dissimilis
846 1643 895 1705 e'st
922 1644 1047 1706 mihtum
1072 1663 1163 1708 causa
1183 1648 1207 1705 ct

192 1785 193 1790 ,
295 1735 363 1804 tua,
390 1728 435 1791 illi
458 1728 554 1789 secuti
576 1733 661 1801 sunt,
684 1733 716 1789 tu
739 1727 874 1807 quaesisti
894 1728 1017 1804 ducem,
1038 1735 1155 1804 tamem
1174 1743 1207 1788 na

210 1859 212 1862 -
294 1813 373 1894 apud
396 1810 466 1874 illos
489 1828 537 1873 me
556 1811 587 1872 in
615 1809 757 1873 invidiam
781 1826 893 1887 rocos,
928 1810 1002 1876 nihil
1033 1810 1071 1874 de
1104 1827 1207 1896 genere

292 1895 365 1958 belli
400 1893 505 1958 dicam.
563 1893 668 1956 Victor
683 1911 712 1955 -e
742 1892 897 1956 Thessalia
925 1892 1120 1958 Brundisium
1150 1910 1206 1956 cun

282 1977 465 2062 legionibus
494 1977 654 2040 revertisti.
707 1976 751 2039 lbi
777 1994 825 2039 me
857 1994 919 2050 non
948 1978 1098 2041 occidisti.
1150 1977 1206 2040 lla-

138 2061 140 2068 ’
193 2099 196 2106 ·
292 2081 384 2144 gnum
404 2059 599 2134 beneficium
629 2060 765 2141 potuisse
790 2061 869 2122 enim
888 2059 987 2123 fateor
993 2080 1003 2138 ;
1038 2077 1206 2144 quamquam

215 2150 220 2160 “
292 2163 381 2206 nemo
404 2151 469 2206 erat
488 2161 612 2217 eorum,
634 2143 685 2224 qui
707 2149 767 2205 tum
789 2149 887 2206 tecum
911 2143 1049 2220 fuerunt,
1072 2146 1126 2226 qui
1146 2142 1206 2206 mihi

95 2253 121 2311 ss
180 2233 188 2245 “
232 2236 353 2296 ¹ttonon
378 2234 518 2308 censeret
540 2225 624 2307 parci
648 2233 800 2307 oportere.
842 2226 936 2290 Tanta
958 2233 1005 2296 est
1027 2229 1110 2291 enim
1133 2228 1205 2290 cari·
1255 2283 1256 2318 ,

291 2315 337 2373 tas
359 2310 473 2392 patriae,
495 2317 527 2372 ut
548 2310 656 2376 vestris
675 2311 762 2372 etiam
777 2310 950 2392 legionibus
965 2319 1088 2374 sanctus
1106 2329 1204 2384 essen,
1255 2323 1256 2342 ¹

292 2393 373 2476 quod
401 2411 467 2456 eam
496 2412 513 2457 a
541 2411 590 2455 mo
618 2400 766 2456 servatam
796 2411 865 2455 esse
896 2395 1114 2458 meminissent.
1154 2391 1204 2460 Sed
1255 2399 1256 2480 t

289 2475 358 2554 iao,
381 2477 412 2540 id
434 2485 464 2540 te
486 2477 608 2541 dedisse
628 2477 718 2552 mihi,
740 2476 821 2559 quod
843 2495 905 2539 non
928 2477 1082 2554 ademisti,
1107 2493 1204 2560 tneque
1255 2481 1256 2520 ι

291 2579 309 2624 a
331 2568 361 2623 te
387 2561 501 2624 habere
530 2561 638 2636 vitam,
673 2561 827 2642 quianon
853 2579 871 2622 a
895 2567 926 2624 te
949 2562 989 2624 sit
1008 2569 1131 2644 erepta;
1170 2561 1203 2622 li-

212 2673 214 2682 *
289 2645 389 2706 cuitne
416 2644 489 2707 mihi
514 2661 570 2724 per
600 2651 666 2706 tuas
695 2644 891 2707 contumelias
916 2644 976 2707 hoo
1003 2651 1086 2708 tuum
1117 2647 1203 2710 benc-

287 2725 386 2789 hcium
407 2729 453 2790 sio
473 2727 568 2802 tueri,
591 2733 624 2789 ut
643 2727 766 2802 tuebar,
797 2729 962 2809 praesertim
987 2747 1078 2810 quum
1100 2735 1130 2792 te
1150 2729 1203 2790 heo
1255 2795 1256 2808 χ

177 2803 225 2876 25
242 2825 275 2874 ot
288 2809 457 2873 auditurum
479 2810 624 2872 videres?
671 2809 787 2872 Venisti
809 2809 1019 2889 Brundisium,
1058 2813 1090 2877 in
1115 2813 1202 2875 sinum

288 2893 409 2975 quidem
432 2900 462 2956 et
485 2895 515 2956 in
538 2892 726 2975 complexum
757 2899 815 2957 tuae
845 2893 984 2958 mimulae.
1034 2895 1113 2970 Ouid
1140 2891 1201 2958 est?

271 2994 358 3039 num
388 2977 540 3040 mentior?
579 2977 673 3051 (tuam
704 2977 846 3040 miserum
876 2983 923 3039 est
953 2977 986 3040 id
1012 2997 1128 3062 negare
1148 2993 1201 3057 non

285 3076 397 3141 posse,
421 3060 504 3141 quod
524 3061 565 3124 sit
585 3061 790 3142 turpissimum
811 3059 963 3126 confiteril
1005 3061 1036 3127 Si
1058 3069 1087 3124 te
1109 3060 1201 3124 muni-

209 3223 210 3228 *
287 3143 435 3224 cipiorum
456 3162 518 3206 non
546 3144 694 3226 pudebat,
727 3160 767 3205 ne
787 3145 922 3207 veterani
944 3144 1065 3224 quidem
1087 3143 1200 3207 exerui-

285 3225 361 3288 tus?
404 3226 479 3300 Quis
501 3228 580 3289 enim
601 3227 688 3290 miles
710 3225 774 3303 luit,
799 3229 850 3309 qui
871 3226 1024 3291 Brundisii
1045 3228 1127 3291 illam
1147 3243 1200 3288 non
1255 3209 1256 3288 l

285 3310 418 3372 viderit?
463 3311 549 3392 quis,
583 3312 635 3392 qui
665 3311 824 3386 nescierit,
856 3312 980 3374 venisse
1004 3329 1071 3375 eam
1092 3319 1136 3374 tot
1154 3307 1199 3372 tibi

286 3391 402 3456 dierum
423 3393 500 3457 viam
521 3393 727 3478 gratulatum?
767 3395 853 3476 quis,
880 3395 933 3476 qui
954 3412 1016 3460 non
1037 3393 1198 3465 indoluerit
1255 3397 1256 3488 l

285 3482 345 3539 tam
366 3494 438 3540 sero
461 3491 532 3554 se,
557 3496 625 3540 uam
648 3495 776 3558 nequam
797 3478 948 3541 hominem
972 3486 1095 3542 secutus
1116 3480 1197 3547 esset,
1255 3489 1256 3560 p

240 3562 501 3644 mcognosoera?
537 3497 634 3624 (ltaliae
663 3578 769 3624 rrrrsas
795 3561 983 3642 percursatio
1014 3562 1120 3625 eadem
1150 3575 1198 3621 co·
1255 3587 1256 3632 ;

286 3643 358 3789 Ἆιιιο
383 3645 492 3721 mima;
536 3645 568 3710 in
595 3643 707 3727 oppida
735 3645 860 3710 militum
886 3643 1019 3707 crudeHs
1048 3651 1079 3708 et
1099 3645 1197 3707 misera

308 3724 446 3805 educti03
491 3729 523 3792 in
550 3728 626 3792 urhe
658 3727 740 3803 auri,
779 3728 899 3812 argenti
927 3729 1117 3812 maximeque
1146 3720 1196 3788 riui

287 3807 378 3874 foeda
401 3811 540 3895 direptio.
586 3809 735 3890 Accessit,
755 3815 798 3890 at,
822 3809 944 3878 Caesare
964 3811 1085 3896 ignaro,
1117 3823 1195 3896 quun
1255 3853 1256 3914 p
