2468 4318
268 239 321 293 ltd
614 233 852 293 obsuto

269 428 340 478 eum
368 404 595 486 condemnetis,
626 405 659 470 in
687 423 779 490 quem
810 404 1051 472 animadvertere
1072 403 1134 490 ipse
1156 409 1179 468 cl

269 513 357 560 more
376 495 525 558 maiarum
545 497 578 554 et
599 506 656 570 suo
678 491 747 554 iure
771 493 927 574 porceti),
970 492 1027 557 sed
1054 489 1180 576 presidio

267 578 361 658 'esse,
383 583 416 642 nt
437 573 633 657 intelligatis,
654 580 760 638 comba
780 575 953 639 basternam
974 577 1057 640 illam
1076 574 1180 638 contio·

270 663 366 727 uem¹
392 661 489 724 licere
508 658 613 738 vobis,
636 658 718 739 qnod
735 659 888 737 sentiatis,
912 660 1011 724 libere
1034 659 1167 722 iudicare.

158 735 261 816 2771
360 743 427 807 Nec
446 758 522 807 vero
543 759 603 821 mc,
627 741 756 822 iudices,
781 741 961 806 Clodianum
985 743 1101 806 crimen
1125 755 1181 800 mo·

272 833 332 906 set,
352 843 412 891 nec
430 831 491 890 tam
512 843 580 889 sum
601 824 725 888 demens
741 831 862 906 umque
875 827 971 890 uestri
982 843 1093 890 sensus
1106 825 1181 906 igna-

270 930 326 977 rus
349 917 439 992 atque
462 926 584 992 expers,
604 915 640 971 ut
660 911 805 988 nesciam,
827 910 899 992 quid
923 910 962 974 de
982 916 1083 972 morte
1101 904 1182 970 Clodii

271 995 419 1060 sentiatis.
463 993 511 1056 De
534 1010 605 1074 qua,
628 992 656 1054 si
676 992 737 1055 iam
753 993 924 1056 nollem'ita
940 994 1060 1057 diluere
1076 992 1182 1064 crimen

271 1085 305 1143 ut
334 1077 426 1156 dilui,
459 1082 560 1140 amen
587 1076 711 1158 impune
738 1077 844 1140 Miloni
873 1078 972 1160 palam
1004 1077 1133 1139 clumam
1155 1087 1182 1133 ac

176 1233 182 1242 ⁸
271 1160 393 1226 mentiri
410 1159 547 1244 gloriose
560 1159 686 1222 liceret:
707 1157 824 1238 Occidi,
845 1161 955 1239 occidi,
974 1178 1040 1224 non
1057 1159 1108 1242 Sp.
1123 1154 1182 1221 lle

272 1247 356 1324 lium,
391 1247 444 1326 qni
465 1258 584 1306 annona
604 1242 733 1306 leuando
756 1244 942 1326 iacturisque
963 1245 1012 1307 rei
1033 1239 1182 1316 familiaris,

272 1330 344 1412 quia
367 1327 457 1391 nimis
480 1326 619 1408 amplecti
640 1325 762 1408 plebem
790 1327 999 1407 videbatur2,
1033 1328 1068 1390 in
1098 1323 1182 1405 suspi-

272 1413 393 1476 cionem
412 1409 516 1473 incidit
535 1409 626 1492 regni
647 1409 827 1491 appetendi,
860 1427 924 1474 non
951 1410 998 1473 ui.
1022 1407 1182 1480 Gracchum,

271 1495 325 1579 qui
348 1493 475 1576 college
501 1493 709 1576 magistratum
736 1510 793 1574 per
819 1493 1001 1557 seditionem
1030 1491 1182 1576 abrogauit,

270 1594 401 1660 quorum
435 1576 648 1640 interfectores
682 1577 885 1659 impleverunt
916 1577 1023 1640 orbem
1053 1583 1183 1640 terrarum

270 1659 403 1726 nominis
432 1661 492 1724 sui·
505 1660 625 1743 gloria,
655 1661 712 1723 sed
733 1679 801 1723 cum
824 1660 962 1741 (auderet
983 1661 1067 1724 enim
1089 1659 1184 1731 dicere,

271 1763 363 1828 quum
382 1745 508 1825 patriam
529 1742 668 1825 periculo
688 1759 746 1807 suo
767 1743 963 1824 liberasset),
980 1744 1070 1807 cuius
1091 1739 1184 1824 uelan-

271 1829 342 1892 dum
364 1827 544 1889 adulterium
566 1827 598 1888 in
618 1827 826 1908 pulvinaribus
847 1828 1049 1891 sanctissimis
1070 1824 1184 1890 nobilis-

225 1911 355 1976 racina
375 1908 495 1972 lemine
512 1909 822 1991 comprehenderunt;
842 1927 922 1988 eum,
943 1913 1031 1974 cuius
1049 1906 1184 1992 supplicio

269 1999 393 2062 senatus
417 1993 580 2057 sollemnes
598 1993 765 2076 religiones
783 1995 949 2077 expiandas
965 2011 1051 2076 sepe
1068 1990 1184 2062 commu

270 2095 362 2155 cum,
381 2093 481 2159 ,quem
503 2093 571 2136 cum
593 2092 702 2139 sorore
727 2095 872 2160 germana
892 2077 1044 2142 nefarium
1067 2083 1185 2158 stuprum

271 2160 396 2239 recisse,
419 2157 453 2221 L.
469 2156 613 2223 Lucullus
635 2160 751 2224 iurabus
774 2177 820 2240 se,
844 2161 1062 2242 questionibus
1083 2155 1185 2231 habitis,

203 2272 208 2282 ·
271 2242 348 2308 dixit
367 2242 571 2324 comperisse;
610 2260 703 2322 eum,
732 2245 785 2327 qui
808 2244 924 2325 ciuem,
953 2263 1045 2326 quem
1069 2247 1185 2313 senatus,

272 2343 362 2410 quem
382 2324 709 2409 populusliomanus,
744 2345 837 2410 quem
857 2346 963 2392 omnes
985 2334 1097 2410 gentes
1116 2320 1185 2390 urbis

271 2428 310 2476 ac
328 2410 397 2474 vite
418 2409 527 2472 einum
549 2416 795 2475 conservatorem
824 2411 1008 2488 iudicarant,
1043 2423 1184 2476 servorun

272 2493 365 2559 armis
388 2493 613 2572 extcnninavit;
658 2512 737 2573 eum,
767 2495 819 2576 qui
841 2513 939 2578 regna
962 2494 1056 2573 dedit,
1081 2490 1184 2566 ademi,

271 2577 378 2642 orbem
407 2583 574 2656 terrarum,
614 2577 792 2661 quibuscum
821 2579 935 2658 uoluit,
976 2581 1107 2660 partitus
1132 2578 1184 2647 est;

271 2679 360 2739 cum,
393 2661 465 2742 qui,
493 2660 630 2742 plurimis
651 2661 789 2744 cedibus,
806 2662 838 2725 in
859 2660 1056 2740 forefactis,
1091 2661 1185 2740 singu·

271 2743 329 2808 lari
350 2742 459 2806 virtute
480 2749 510 2806 et
530 2744 630 2826 gloria
654 2745 750 2807 civem
769 2745 890 2810 domum
905 2746 936 2809 ui
954 2753 986 2808 et
1004 2745 1098 2808 armis
1112 2757 1185 2806 com·

271 2827 367 2910 pulit;
399 2843 477 2904 eum,
504 2829 554 2889 cui
575 2827 650 2892 nibil
669 2846 810 2911 umquam
831 2828 918 2892 nelos
938 2828 995 2894 fuit
1016 2847 1076 2892 nec
1096 2828 1127 2889 in
1145 2822 1184 2885 la·

271 2911 377 2972 cinere
398 2927 456 2972 nec
479 2908 511 2984 in
532 2909 657 2974 libidine
664 2931 674 2988 ;
705 2929 783 2987 eum,
806 2913 857 2994 qui
878 2913 973 2976 aedcun
993 2911 1185 2994 Nympharum

270 2991 420 3070 incendit,
449 2999 484 3056 ut
503 2995 678 3057 memoriam
698 2996 848 3077 publicam
870 2996 1079 3073 recensionis,
1108 2991 1184 3055 tabu-

226 3082 261 3134 tt
272 3075 310 3138 lis
331 3075 461 3157 publicis
486 3077 673 3158 impressam,
696 3079 905 3162 exstingueret
912 3099 922 3157 ;
965 3096 1036 3142 eum
1056 3077 1184 3156 denium

251 3158 321 3222 ‘cui
343 3159 404 3221 iam
424 3159 507 3221 nulla
527 3161 579 3222 len
600 3169 676 3240 erat,
698 3162 813 3225 nullum
834 3163 925 3225 civile
946 3161 1005 3238 ius,
1028 3161 1104 3225 nulli
1119 3173 1184 3242 pos-

157 3267 164 3282 ·
269 3242 442 3307 sessionum
470 3244 606 3320 termini;
640 3244 693 3326 qui
722 3262 785 3307 non
816 3247 966 3308 calumnia
987 3245 1103 3322 litium,
1133 3255 1184 3304 nou

270 3325 391 3389 iniustis
412 3324 550 3389 vindiciis
572 3345 609 3390 ac
628 3329 823 3392 sacramentis
844 3329 961 3392 alienos
983 3328 1111 3406 fundos,
1139 3317 1184 3387 sed

255 3409 388 3491 ,castus
413 3409 559 3490 exercitu,
580 3411 677 3494 signis
698 3408 865 3476 inferendis
887 3413 1025 3495 petebat3
1059 3410 1111 3492 qui
1133 3419 1183 3468 nou

270 3492 369 3554 solum
400 3491 553 3556 Etruscos
584 3493 650 3575 (eos
683 3494 763 3557 enim
795 3496 917 3577 penitus
949 3486 1182 3575 conmmpsemtt

268 3573 324 3643 sed
348 3574 429 3638 bunc
451 3574 483 3638 P.
504 3573 647 3658 Varium,
682 3575 906 3644 fortissimum⁸
940 3585 1031 3662 atque
1052 3577 1182 3661 optimum

256 3779 258 3784 ’
307 3765 602 3828 1urst-concionem
627 3773 707 3832 illam.
763 3744 944 3842 'putabatur
1000 3775 1059 3830 ¹l‘.
1081 3771 1181 3829 Varium

242 3918 246 3926 Ι
303 3840 387 3893 riuum
405 3841 586 3898 lomisslmum.
