2468 4318
268 210 303 288 itti
382 195 386 208 '
572 197 812 261 ORATIO
855 201 892 258 ll.

268 385 386 441 ceteras
407 377 522 458 copias,
547 371 731 449 ornamenta,
752 375 894 458 presidia
910 380 1011 440 vestra
1027 395 1094 440 cum
1109 378 1176 443 illius

222 462 394 531 aalatronis
417 459 521 540 inopia
544 463 633 536 atque
650 465 785 538 egestate
804 459 947 523 conferre
962 461 1059 524 debeo
1071 464 1097 524 ¹.
1129 461 1177 526 Sed

269 549 329 624 si,·
347 545 468 608 omissis
490 541 537 603 his
561 540 654 603 rebus
676 544 833 621 omnibus,
864 545 975 626 quibus
996 563 1054 608 nos
1078 564 1178 628 suppe-

268 629 440 704 ditamurss,
468 631 541 708 eget
562 624 626 702 ille,
646 634 764 703 senaar,
787 628 939 708 equitibus
959 627 1110 708 Romanis,
1129 648 1177 711 po-

166 791 170 798 ,
266 715 350 798 pulo,
372 711 459 787 urbe,
479 708 598 786 aerario,
626 709 838 792 vectigalibus,
867 718 974 774 cuncta
995 713 1091 792 ltalia,
1116 730 1178 795 pro-

267 797 375 860 vinciis
398 793 557 869 omnibuS,
592 792 705 853 exteris
726 795 917 872 nationibus,
952 797 997 876 si,
1032 796 1080 859 lris
1101 797 1179 858 rebus

163 920 166 930 ·
268 880 408 953 omissis,
451 875 716 956 causas'ipsasl,
757 895 824 958 quae
849 879 928 940 inter
955 898 990 942 se
1020 880 1179 962 confligunt,

267 961 453 1026 contendere
470 959 608 1034 velimus,
632 977 672 1021 ex
695 977 734 1021 eo
755 961 834 1042 ipso,
856 979 946 1043 quam
967 964 1060 1026 ualde
1082 965 1124 1027 illi
1142 964 1179 1024 ia-

267 1052 372 1123 ceant,
414 1044 588 1126 intelligere
618 1059 789 1124 possumus.
837 1045 884 1107 llx
914 1046 973 1109 hac
1003 1048 1086 1110 euim
1108 1054 1179 1129 parta

184 1171 191 1186 s
267 1131 367 1214 pudor
387 1132 512 1211 pugnat,
533 1125 618 1188 illinc
637 1127 820 1207 petulantia;
842 1129 912 1192 hinc
934 1132 1091 1212 pudicitia,
1112 1131 1180 1194 illiue

268 1222 420 1296 stuprum3
463 1210 534 1298 hinc
555 1209 647 1286 fides,
676 1209 760 1274 illinc
780 1211 930 1275 fraudatio
938 1233 948 1289 ;
992 1213 1067 1276 hinc
1089 1216 1180 1296 pietas,

179 1343 180 1346 ,
268 1299 352 1362 illinc
375 1296 493 1370 scelus3
516 1293 586 1354 hinc
606 1295 785 1371 constantia,
807 1297 892 1358 illino
913 1295 1017 1373 lur0r3
1042 1298 1115 1360 hinc
1133 1297 1180 1359 ho-

267 1389 379 1459 nestas,
401 1376 666 1458 illincturpitud03
688 1376 962 1458 hinceontinenua
987 1381 1181 1453 illinclibido;

269 1466 400 1546 denique
423 1463 567 1543 aquitae,
597 1463 814 1540 temperantia,
838 1463 1003 1542 fortitudo,
1025 1465 1181 1546 prudentia,

267 1551 392 1612 virtutes
414 1563 519 1610 omnes
542 1549 657 1606 certant
678 1561 744 1606 cum
760 1547 929 1627 iniquitate,
952 1545 1084 1626 luxuria,
1106 1550 1181 1631 igna-

267 1632 327 1711 via,
349 1631 517 1694 temeritate
526 1629 555 1704 4,
580 1645 648 1689 cum
669 1628 750 1693 vitiis
773 1629 930 1708 omnibus3
961 1639 1118 1714 postremo
1137 1647 1182 1692 co-

267 1718 319 1799 pia
343 1733 411 1778 cum
435 1718 589 1795 egestate,
625 1711 705 1773 bona
734 1715 812 1777 ratio
842 1732 909 1776 cum
942 1715 1080 1796 perdita,
1111 1727 1182 1777 mens

267 1817 342 1864 sana
363 1817 431 1859 cum
457 1796 595 1870 amentia,
618 1795 698 1857 bona
720 1795 851 1878 denique
875 1816 947 1880 spes
969 1817 1036 1861 cum
1066 1799 1182 1862 omniun

203 1903 206 1908 ·
267 1879 370 1946 rerur'u
390 1879 603 1960 desperatione
624 1879 770 1960 confligit.
826 1880 858 1942 ln
889 1882 1063 1945 huiusmodi
1096 1887 1182 1944 ceria-

267 1967 349 2029 mine
372 1981 408 2026 ao
448 1962 548 2026 roelio
567 1980 682 2040 nonne,
706 1965 824 2026 etiamsi
843 1963 997 2029 hominum
1018 1967 1119 2030 studia
1137 1965 1183 2027 de-

237 2105 242 2118 ,
268 2051 386 2126 luciani,
419 1983 461 2110 <fu
476 2046 542 2126 ‘ipsi
566 2046 751 2109 immortales
771 2051 908 2132 cogaut⁶
943 2049 1048 2112 abhis
1067 2048 1183 2132 praecla-

128 2179 132 2187 .
157 2145 205 2217 12
222 2133 397 2212 perissimis
423 2129 581 2193 virtutibus
604 2135 649 2190 tot
676 2136 707 2192 et
728 2136 808 2192 tanta
831 2132 903 2194 vitia
924 2133 1090 2216 superari?
1124 2131 1184 2205 Qua

270 2234 362 2298 quum
384 2217 426 2277 ita
442 2215 511 2290 sint,
534 2213 679 2289 Quirites,
704 2231 771 2292 vos,
794 2216 1043 2294 quemadmodum
1061 2221 1121 2280 iam
1138 2233 1184 2276 an-

268 2308 328 2377 tea,
351 2305 452 2361 vestra
472 2303 551 2360 tetta
568 2296 712 2360 custodiis
727 2297 903 2380 vigiliisque
919 2299 1072 2362 defendite
1082 2322 1091 2377 ;
1114 2296 1185 2372 milri,

267 2389 301 2447 ut
323 2383 390 2450 urbi
413 2383 480 2445 sine
501 2387 603 2443 vestro
626 2386 708 2443 motu
730 2399 766 2442 ac
789 2381 856 2443 sine
880 2383 943 2444 ullo
966 2385 1096 2447 tumultu
1124 2382 1185 2446 satis

268 2474 351 2531 esset
370 2465 522 2550 praesidii,
554 2464 723 2528 consultum
746 2482 781 2526 ac
803 2467 960 2546 provisum
981 2473 1037 2529 est.
1087 2463 1185 2530 Coloni

158 2571 162 2584 ’
268 2568 374 2615 ornnes
395 2549 623 2629 municipesque
644 2548 748 2623 vestri,
782 2549 929 2611 certiores
950 2569 969 2612 a
989 2568 1039 2613 me
1063 2547 1185 2614 faetida

266 2636 325 2698 lrac
347 2641 496 2696 nocturna
519 2632 703 2694 excursione
729 2630 874 2710 Catilinae,
897 2632 988 2695 facile
1008 2635 1102 2697 urbes
1123 2647 1184 2696 suas

266 2718 404 2798 finesque
426 2714 596 2778 defendent.
635 2713 840 2792 Gladiatores,
863 2735 951 2797 quam
970 2717 1029 2779 sibi
1052 2719 1106 2780 ille
1127 2734 1184 2779 ma-

166 2799 184 2864 ,”
266 2819 338 2864 num
363 2799 585 2862 certissimam⁶
612 2797 680 2861 lore
701 2799 833 2878 putavit,
867 2815 1045 2882 quamquam
1065 2801 1184 2863 meliore

268 2886 368 2948 animo
393 2890 463 2947 sunt
488 2899 576 2963 quam
599 2900 679 2962 pars
692 2882 899 2962 patriciorum,
922 2889 1071 2964 potestate
1095 2892 1184 2947 tamen

266 2973 370 3030 nostra
392 2967 640 3029 continebuntur,
681 2965 715 3038 0.
737 2964 894 3040 Metellus,
922 2985 1011 3048 quem
1030 2985 1112 3050 ego,
1135 2967 1184 3028 lroe

267 3052 460 3134 prospiciens
473 3052 501 3127 ⁷,
526 3049 680 3132 inegram
697 3048 866 3111 Gallicum⁸
893 3048 1097 3132 Picenumque
1112 3065 1184 3132 pre-

267 3137 350 3212 misi,
382 3140 431 3197 aut
452 3134 603 3214 opprimet
626 3134 777 3195 hominem
803 3139 860 3195 aut
877 3151 983 3197 omnes
1008 3137 1073 3197 eius
1095 3139 1183 3197 motos

181 3281 184 3287 .
266 3226 455 3298 conatusque
485 3217 667 3297 prohibebit.
731 3216 866 3296 Reliquis
900 3224 997 3280 autem
1029 3220 1068 3281 de
1101 3217 1183 3280 rebus

267 3299 505 3376 constituendis,
533 3299 738 3375 maturandis,
769 3300 895 3382 agendis
917 3302 977 3364 iam
998 3301 1037 3365 ad
1057 3307 1184 3366 senatum

266 3385 449 3462 referemus,
473 3401 561 3465 quem
581 3385 685 3446 uocari
707 3383 824 3458 videtis.

266 3525 500 3540 ’.η-..ι--ῄῡᾱ

302 3619 313 3650 ²
335 3618 417 3681 codd,
437 3618 493 3668 edd.
505 3624 564 3667 cerr.
577 3639 611 3651 —
625 3615 685 3666 deb.
697 3617 767 3669 coni.
805 3617 818 3648 ²
839 3619 1047 3688 suppedrtqmus.
1083 3615 1096 3648 ³
1116 3611 1179 3666 codd·

295 3713 333 3725 ·-
352 3691 401 3755 ips.
420 3705 492 3740 caus.
539 3685 552 3716 ⁴
575 3685 697 3737 codd-
715 3704 775 3738 oum
793 3688 855 3754 lum,
882 3705 941 3741 eum
959 3690 1022 3756 ign,
1048 3702 1107 3739 cum
1125 3693 1181 3736 tero.

300 3757 405 3809 “codd
425 3781 459 3794 -
478 3759 598 3824 cogent.¹
628 3755 795 3810 ⁶maximam
812 3767 916 3812 manum
935 3767 961 3810 et
979 3766 1042 3810 cert.
1087 3755 1180 3822 'pro-

298 3831 412 3894 spiciens
430 3827 490 3879 hoc.
530 3827 543 3856 ⁸
565 3824 740 3886 Gallicanum,
