2546 4310
413 975 731 1044 nummario.
859 1065 861 1074 y

108 1237 206 1329 stura
229 1264 292 1313 ante
322 1257 374 1312 bos
404 1255 531 1312 undecim
562 1275 666 1331 annos,
703 1275 784 1330 quum
813 1259 862 1315 luas
890 1257 1035 1318 Ciceronis

109 1345 253 1402 orationes
275 1341 392 1413 primum
414 1339 549 1412 edebam,
573 1341 608 1398 de
632 1358 718 1415 opera
741 1359 757 1398 a
780 1358 824 1398 me
842 1342 871 1398 in
893 1343 1036 1402 iisreco-

108 1425 280 1500 gnoscendis
293 1430 321 1479 et
332 1423 508 1479 emendandis
520 1432 626 1498 sumpta
644 1425 769 1482 breviter
780 1425 985 1499 magistrorum,
1008 1433 1037 1484 et

108 1513 133 1568 si
160 1509 207 1582 qui
230 1509 277 1564 alii
301 1507 447 1563 Ciceronis
468 1508 585 1565 studiosi
609 1509 708 1565 librum
730 1510 913 1582 aspexissent,
935 1509 1036 1568 admo-
1096 1576 1098 1580 ,
1173 1522 1198 1596 ἰ

107 1593 262 1651 mendorum
294 1606 377 1647 cansa
407 1590 536 1663 prelatus
566 1609 641 1662 sum,
676 1608 708 1646 ea
733 1608 815 1663 quum
844 1597 943 1664 postca
973 1609 1036 1650 cum

108 1677 216 1734 duabus
239 1672 470 1747 disputationibus
494 1673 528 1729 de
551 1675 642 1730 multis
664 1675 760 1729 harum
782 1675 940 1732 orationum
962 1677 1037 1734 locis

108 1760 260 1817 coniuncta
285 1759 358 1812 inter
380 1757 512 1830 opuscula
537 1773 598 1814 mea
617 1757 776 1814 academica
792 1757 944 1830 posuerim,
961 1759 1036 1817 nulla
1111 1781 1116 1791 ¹

109 1860 195 1900 causa
217 1841 327 1898 videtur
350 1857 430 1911 esse,
461 1857 510 1895 cur
532 1857 603 1896 nurrc
624 1841 699 1914 typis
721 1840 843 1897 describi
864 1841 967 1914 velim,
999 1843 1035 1900 ab

1 1939 3 1944 ’
88 1927 169 1984 ‘iltis
192 1924 346 1998 praesertim
371 1923 602 1996 disputationibus
632 1929 770 1996 separata.
826 1922 883 1980 Sed
905 1924 1036 1996 quoniam

107 2011 184 2080 boc,
218 2006 293 2080 quod
314 2023 386 2062 nnnc
407 2007 568 2077 evulgatur,
601 2007 755 2079 exemplum
778 2021 793 2061 a
815 2006 961 2078 superiore
984 2008 1037 2067 illo

108 2097 227 2167 propter
254 2097 388 2146 novorum
417 2088 452 2144 ad
480 2091 540 2144 baec
570 2089 715 2146 Ciceronis
737 2084 843 2162 scripta
864 2090 1037 2150 emendanda

107 2174 305 2250 praesidiorum
337 2171 527 2229 accessionem
555 2179 733 2244 veterumque
760 2172 916 2246 pleniorem
941 2175 1036 2249 ctiam,
1112 2233 1116 2247 ,

107 2277 190 2332 quam
214 2263 313 2328 autea,
348 2273 425 2312 usum
450 2256 612 2312 notabiliter
635 2256 740 2328 aliquot
768 2255 839 2312 locis
862 2261 889 2311 et
910 2259 1036 2329 partibus

108 2345 254 2414 discrepat
285 2346 312 2396 et
341 2345 432 2395 tamen
454 2346 568 2412 propter
589 2339 687 2395 iudicii
712 2340 764 2396 mei
793 2338 829 2394 dc
850 2339 980 2398 universa
1002 2359 1035 2399 re

109 2425 294 2483 constantiam
316 2421 350 2478 ab
373 2439 478 2494 eorum,
501 2422 547 2496 qui
568 2422 679 2478 easdem
699 2423 842 2480 orationes
864 2439 953 2496 nuper
972 2413 1034 2482 trass

73 2517 76 2522 “
109 2513 236 2578 ctarunt,
261 2505 404 2562 sententiis
426 2522 501 2579 saepe
524 2507 689 2579 multumque
714 2505 854 2576 discedit,
878 2506 1035 2565 laciendum

108 2593 238 2662 videtur,
273 2595 320 2659 ut,
355 2605 448 2674 quum,
462 2589 548 2645 semel
576 2589 640 2647 huic
661 2589 734 2646 libro
760 2589 1034 2648 scholastico'criti-

109 2692 206 2731 carum
235 2672 415 2746 questionum
443 2673 624 2745 appendicem
659 2670 849 2744 adiunxerim,
890 2673 925 2730 de
953 2673 1060 2736 buius.

108 2759 253 2829 utriusque
282 2757 476 2828 discrepantia
502 2757 592 2813 causis
621 2756 745 2813 nonnihil
776 2755 888 2826 dicam,
915 2756 951 2813 ad
973 2774 1035 2815 eum

109 2842 223 2898 scilicet
243 2841 334 2910 linem,
356 2855 436 2911 quem
458 2845 538 2894 antea
560 2855 668 2913 quoque
690 2839 756 2896 milri
777 2840 983 2912 constitueram,
1004 2847 1036 2898 ut
1099 2833 1109 2876 s

109 2929 246 2999 appareat
275 2923 390 2995 peritis,
432 2922 581 2992 diligenter
607 2940 650 2979 me
679 2923 795 2994 negotio
826 2924 947 2982 iunctum
971 2940 1035 2980 csse

109 3009 346 3078 elaborasseque,
385 3012 415 3062 ut
437 3022 517 3078 quam
539 3007 759 3064 emendatissima
782 3005 926 3063 Ciceronis
948 3008 1034 3064 verba

108 3093 283 3163 legerentur,
307 3089 498 3162 habeantque,
536 3091 582 3163 qui
614 3091 701 3146 minus
727 3091 781 3164 ipsi
806 3089 859 3146 sibi
883 3091 1035 3162 confidunt,
1068 3115 1095 3164 .‘

109 3177 138 3230 in
162 3191 218 3246 quo
242 3173 375 3229 adversus
398 3174 552 3230 contrarias
577 3174 756 3231 auctoritates
779 3174 874 3246 rqnuiti
896 3175 1036 3246 paululum
1063 3197 1071 3216 ·

110 3257 300 3331 acquiescant.
360 3255 454 3329 Neque
477 3257 661 3330 spernendum
691 3256 762 3334 erit,
802 3257 826 3314 si
850 3257 931 3314 simul
955 3257 1036 3313 unius

110 3341 263 3397 alteriusve
292 3339 349 3397 loci
378 3341 541 3396 senteutiam
572 3341 715 3397 declarare
745 3347 773 3396 et
807 3340 842 3397 de
873 3340 1036 3413 quibusdam

110 3425 259 3481 Ciceronis
289 3423 462 3480 orationibus
494 3424 600 3480 cautius
623 3423 789 3481 aestimandis
821 3422 1037 3480 admonitionem

111 3525 168 3564 non
200 3506 324 3563 inutilem
358 3505 511 3579 adiungere
539 3514 668 3580 potuero.
724 3508 891 3581 Quamquam
920 3505 1037 3564 hilarior

112 3591 226 3648 omnino
255 3589 409 3664 superioris
438 3591 608 3664 praelationis
637 3593 752 3648 materia
784 3596 861 3661 erat,
894 3606 954 3664 quae
977 3589 1037 3646 lere

112 3681 172 3732 tota
192 3676 221 3731 in
244 3675 371 3731 locorum
393 3673 606 3749 depravatorum
627 3691 700 3733 nova
722 3673 915 3731 emendatione
937 3690 1038 3730 versa-

113 3764 208 3896 pletlpm
250 3774 323 3814 nunc
355 3758 461 3816 tristior
490 3773 615 3816 errorum
646 3759 754 3818 notatio
784 3773 911 3830 magnam
932 3763 1038 3832 partem

134 3843 236 3898 aebit.
