2546 4310
150 199 152 206 ¹
266 221 356 302 rao
386 245 509 302 nncn
540 247 750 306 uantum.
939 250 974 307 o

54 424 159 506 optimo
184 422 295 504 cuique
318 421 450 484 maxime
472 421 577 505 patuit,
598 412 661 486 non
682 440 750 486 mea
769 440 819 485 me
833 423 972 489 voluntas

54 508 175 585 adhucl,
196 505 253 568 sed
265 505 333 568 vite
345 505 439 569 meae²
464 507 596 570 rationes
610 507 647 568 ah
661 507 784 569 ineunte
797 513 884 570 etate
898 527 972 572 sus-

54 597 140 672 cepte
168 587 399 672 prohibuerunt.
449 589 524 652 Nam
546 607 638 671 quum
665 597 753 652 antea
773 608 830 672 per
853 597 972 655 atatem

52 673 177 736 nondum
207 672 299 734 huius
333 675 541 737 auctoritatem
563 674 624 735 loci
648 675 797 757 attingere
819 675 972 754 auderem,
995 721 998 728 .

53 763 279 837 statueremque,
298 756 374 819 nihil
389 756 458 833 hnc,
481 757 541 818 nisi
555 755 722 837 perlectum
743 757 878 840 ingenio,
903 757 971 822 ela·
1047 789 1051 798 ·

54 839 179 901 lotatum
198 839 355 917 industria,
378 841 651 922 allcrrioportere,
673 857 762 902 omne
778 858 877 904 meum
890 847 972 904 tem·
1088 867 1093 878 ·

53 941 102 1003 pus
123 923 287 985 amicorum
310 925 496 1006 temporibus
511 923 768 986 transmittendum
783 925 894 1006 putavi.
927 925 1000 988 ltaa
1111 963 1113 968 -

54 1023 143 1086 neque
165 1006 216 1068 hic
240 1006 326 1068 locus
355 1025 468 1071 vacuus
497 1025 637 1088 umquam
669 1005 727 1070 fuit
756 1003 793 1069 ab
821 1008 877 1087 iis,
919 1011 971 1089 qui

55 1094 172 1152 vestram
195 1106 318 1151 causam
341 1089 548 1168 defenderent,
573 1095 603 1152 et
620 1107 705 1152 meus
729 1089 826 1169 labor,
848 1091 880 1154 in
902 1092 971 1173 pri-

55 1177 178 1235 vatorum
191 1173 337 1253 periculis
356 1181 437 1236 caste
455 1175 632 1256 integreque
644 1180 792 1253 versatus,
814 1191 853 1236 ex
867 1180 970 1238 vestro
995 1245 999 1250 ,

54 1254 155 1317 iudicio
181 1255 315 1334 fructum
339 1262 385 1318 est
412 1258 627 1340 amplissimum
655 1263 845 1337 consecutus.
894 1258 970 1323 Nam

54 1355 133 1416 qnum
154 1344 282 1421 propter
303 1339 476 1403 dilationem
500 1341 689 1403 comitiorum
710 1347 757 1403 ter
774 1347 884 1423 praetor
902 1343 971 1424 pri-

54 1437 111 1482 mus
123 1423 269 1486 centuriis
280 1424 395 1486 cunctis
412 1425 597 1487 renuntiatus
615 1442 692 1502 sum,
716 1423 807 1486 facile
821 1425 971 1504 intellexi,

55 1501 185 1583 Quirites,
207 1511 237 1568 et
259 1505 385 1586 quidde
400 1525 449 1570 me
465 1507 647 1584 iudicaretis,
670 1507 789 1589 etquid
806 1507 872 1569 aliis
886 1525 971 1589 pre-

55 1588 223 1652 scriberetis.
267 1589 354 1653 Nunc
377 1609 468 1672 quum
492 1595 522 1652 et
545 1590 729 1652 auctoritatis
745 1592 777 1651 in
793 1608 841 1652 me
857 1596 971 1654 tantum

57 1670 104 1747 sit,
136 1679 278 1752 quantum
299 1690 356 1736 vos
385 1673 551 1736 honoribus
574 1671 750 1734 mandandis
773 1689 842 1734 esse
866 1673 970 1735 volui-

57 1753 120 1829 stis,
140 1762 169 1816 et
194 1757 232 1819 ad
250 1756 402 1838 agendum
424 1755 571 1820 facultatis
591 1760 722 1834 tantum,
745 1762 887 1837 quantum
908 1755 970 1819 ho-

57 1837 118 1898 mini
142 1840 281 1924 vigilanti
303 1857 343 1900 ex
366 1839 483 1903 forensi
504 1856 562 1901 usu
590 1856 687 1920 prope
717 1836 891 1920 quotidiana
920 1839 970 1903 di·
1016 1835 1026 1848 ‘
1121 1888 1126 1897 ,

57 1921 133 1982 cendi
151 1923 331 1986 exercitatio
349 1924 445 2006 potuit
463 1923 583 2001 afferre,
606 1930 690 1986 certe
712 1929 752 2000 ct,
773 1923 891 2004 siquid
912 1941 971 1986 au-

59 2005 187 2068 ctoritatis
209 2008 241 2069 in
262 2023 313 2068 mc
335 2012 391 2083 est,
416 2006 519 2088 apud³
544 2023 598 2070 eos
621 2011 698 2083 utar,
728 2007 780 2087 qui
806 2024 872 2068 eam
897 2006 971 2070 mihi

59 2083 200 2166 dedorunt,
226 2096 269 2168 et,
293 2091 319 2152 si
342 2091 413 2172 quid
435 2091 493 2154 in4
518 2089 646 2153 dicendo
668 2089 815 2173 consequi
835 2107 971 2172 possum,
1000 2115 1006 2134 ¹

60 2166 91 2228 ils
111 2172 263 2236 ostendam
284 2175 483 2254 potissimum,
505 2173 556 2256 qui
578 2174 608 2235 ei
631 2189 753 2254 quoque
773 2177 819 2237 rei
841 2173 970 2238 fructum

59 2267 106 2312 suo
123 2254 231 2319 iudicio
250 2257 441 2319 tribuendum
463 2275 532 2320 esse
554 2255 732 2319 duxerunt⁶.
774 2256 875 2340 Atque
896 2257 999 2321 illude

59 2332 204 2415 inprimis
225 2340 300 2402 mihi
323 2339 479 2403 laetandum
501 2341 567 2402 iure
589 2349 659 2403 esse
686 2339 795 2418 video,
830 2340 911 2423 quod
938 2341 971 2404 in

60 2413 108 2477 hac
127 2419 244 2486 insolita
266 2423 339 2486 mihi
361 2442 401 2485 ex
424 2423 484 2486 hoc
506 2423 574 2486 loco
596 2425 714 2486 ratione
736 2423 855 2486 dicendi
879 2442 971 2487 causa

61 2499 117 2562 talis
139 2505 235 2570 oblata
254 2513 315 2585 est,
337 2507 370 2570 in
392 2525 451 2588 qua
470 2507 567 2571 oratio
589 2507 697 2569 deesse
714 2505 826 2568 nemini
842 2507 970 2588 possit⁶.

62 2577 211 2650 Dicendum
231 2597 279 2654 est
298 2589 377 2652 eninr
400 2591 438 2654 de
460 2589 513 2654 On.
534 2589 669 2673 Pompeii
691 2589 837 2672 singulari
859 2590 969 2653 eximi-

64 2681 127 2744 aque
154 2672 278 2751 virtute;
320 2672 407 2736 huius
441 2680 538 2737 autem
569 2673 715 2737 orationis
743 2671 894 2735 difficilius
922 2680 971 2737 cst

64 2749 159 2814 exitum
190 2775 278 2838 qnam
307 2757 488 2839 principium
518 2757 664 2820 invenire.
730 2755 773 2818 lta
804 2755 876 2819 mihi
907 2774 970 2821 non
1073 2823 1074 2827 ,

63 2832 112 2892 lan
132 2839 217 2918 copia
241 2859 331 2923 quam
353 2841 459 2903 modus
479 2842 511 2904 in
532 2841 660 2904 dicendo
682 2838 861 2984 quaerendus
883 2847 938 2904 cst.

139 2918 234 3003 Atque
257 2930 290 2986 ut
312 2924 383 2988 inde
405 2926 502 2986 oratio
534 2942 601 2986 mea
628 2941 685 3006 pro
707 2924 856 3000 ciscatur,
889 2924 970 2987 unde
1016 2923 1040 2994 2

63 2990 117 3056 hec
134 3010 227 3070 omnis
246 3026 337 3070 causa
359 3007 487 3087 ducitur,
511 3008 624 3070 bellum
646 3025 740 3089 graue
762 3012 792 3068 et
812 3005 999 3088 periculo-4

65 3093 120 3170 ⁵.¹¹¹¹¹
135 3091 238 3154 vostris
261 3090 459 3174 vectigalibus
482 3093 542 3154 aci
568 3091 661 3153 sociis
683 3108 700 3151 a
720 3089 837 3154 duobus
856 3098 971 3172 potem·

66 3161 172 3230 tissimis
189 3174 312 3258 regibus
331 3173 469 3252 insertur,
490 3173 659 3237 Mithridate
679 3178 709 3235 et
726 3173 867 3258 Tigrane,
889 3191 971 3255 quo-

66 3256 119 3340 ιιιι]
148 3253 220 3318 alter
252 3259 397 3338 relictus,
448 3259 524 3321 alter
555 3256 730 3336 lacessitus,
777 3257 970 3320 occasionem

68 3324 162 3425 srbrtad
176 3341 378 3423 occupandam
399 3341 507 3416 Asiam
519 3341 648 3405 oblatam
670 3357 739 3403 esse
759 3339 970 3404 arbitrantur0.

68 3401 203 3489 Euntibus
231 3425 392 3500 Romanis,
428 3424 649 3489 honestissimis
676 3425 769 3501 rins,
805 3422 971 3486 atteruntur

70 3503 101 3550 lx
118 3495 185 3564 Asia
205 3508 337 3588 quotidie
359 3508 484 3588 litterae,
509 3525 636 3591 quorum
657 3523 775 3589 magnae
795 3524 845 3569 res
870 3523 970 3588 agun-

72 3585 278 3624 R
1014 3589 1017 3598 .

100 3629 154 3687 ¹ss
171 3669 205 3682 ·-
222 3665 268 3701 om.
290 3652 384 3704 adhuc.
441 3650 455 3682 ²
482 3650 554 3703 codd.
578 3649 638 3716 Er!-
657 3649 744 3700 naua.
758 3671 795 3684 -··
815 3663 882 3699 mcae
900 3650 969 3702 vitae.

99 3699 177 3798 {cot
194 3715 295 3784 aaran.
313 3721 366 3787 (n)
385 3743 421 3758 -
440 3737 472 3773 ea
490 3721 569 3788 apua.
608 3719 622 3752 ⁴
640 3719 672 3770 a.
685 3719 734 3772 aras
746 3716 818 3769 corr.
830 3743 865 3755 -
882 3721 970 3772 arram.

101 3774 157 3868 ‚E-
175 3800 393 3844 -censuerunt
447 3789 512 3843 θΕ.
532 3797 680 3860 -potesh
736 3787 800 3839 'lh
823 3812 860 3826 -·
884 3797 971 3860 atque.
1065 3847 1070 3859 ,
1158 3808 1163 3815 ·

131 3845 159 3899 E·
174 3854 219 3909 alii
235 3862 307 3914 codd.
326 3887 361 3900 ·-·
382 3861 527 3916 arbitratur.

117 3979 155 4025 υἷ’·
170 3991 225 4041 Orac,
240 3997 282 4043 Set.
758 3996 776 4046 4
801 3961 804 3971 s
