2490 4316
202 205 295 318 ruo
317 235 351 300 r.
376 233 529 299 annuo
553 235 750 299 murone.
859 241 938 296 ⁴urs

39 409 104 480 nihil
119 418 216 499 potest
237 412 423 499 opitulari?”
468 412 532 478 Nee
549 430 625 478 uero
646 415 729 492 hec,
750 409 886 490 iudices,
906 415 987 476 utus
1003 403 1076 484 35?

40 516 90 583 ego
108 517 192 578 muno,
215 498 302 580 ileos,
322 499 386 563 sed·
398 499 458 561 hoc
479 498 586 561 ecdem
609 498 742 579 loquitur
763 497 857 575 uultu,
879 511 941 576 quo

39 583 138 662 videtis.
179 581 278 667 Negat
299 585 378 647 euim
400 581 445 661 se,
474 587 574 665 negat,
596 581 723 664 ingratis
748 580 866 643 civibus
888 577 942 641 le-

40 667 124 744 nisse,
154 683 218 748 quae
238 666 363 743 lecerit}
406 661 516 728 timidis
539 672 571 728 et
591 665 690 728 omnia
714 663 850 748 pericula
875 663 942 724 cir-

40 750 329 832 cumspicientibus¹‚
369 765 432 811 non
454 753 555 832 negat.
602 747 724 811 Plebem
753 753 784 811 et
810 744 941 818 infimam

39 833 255 912 multitudinem,
290 851 358 916 que
384 833 415 895 P.
438 831 546 896 Clodio
571 829 648 895 duce
676 830 805 895 fortunis
830 829 941 892 vestris

39 916 208 996 imminebat,
233 935 317 996 cam,
341 933 401 998 quo
423 917 517 979 tutior
540 921 621 978 esset
645 921 745 978 vestra
765 917 874 994 vita¹,
906 933 942 979 se

39 997 133 1062 iecisse
153 1006 382 1078 commemorat,
415 1005 448 1062 ut
469 1016 529 1062 non
550 999 641 1062 modo
666 1000 781 1062 virtute.
795 999 942 1078 flecteret,
984 1007 987 1015 ’

39 1082 193 1146 sedetiam
227 1085 325 1147 tribus
356 1085 420 1147 suis
453 1083 640 1165 patrimoniis
674 1082 841 1160 deleniret}
884 1101 961 1146 nec=

40 1165 116 1239 timet,
135 1185 182 1245 ne,
205 1185 295 1249 quum
317 1165 437 1250 plebem
458 1165 631 1229 muneribus
653 1166 789 1249 placarit,
809 1183 866 1230 vos
880 1181 944 1229 non

39 1250 186 1313 conciliarit
206 1251 323 1314 meritis
344 1251 375 1313 in
397 1267 462 1314 rem
480 1249 628 1331 publicam
641 1251 856 1332 singularibus.
882 1247 944 1314 Se-

40 1338 112 1396 natus
140 1352 213 1418 erga
241 1352 277 1400 se
310 1330 549 1397 benevolentiam
580 1332 766 1415 temporibus
793 1335 841 1397 his
865 1333 943 1416 ipsis

40 1431 107 1496 sepe
130 1435 196 1480 esse
215 1423 435 1500 perspectam,
474 1421 590 1480 uestras
618 1433 695 1480 vero
720 1423 750 1480 et
772 1424 944 1482 uestrorum

41 1497 159 1562 ordinum
183 1501 422 1578 occursationes,
445 1501 554 1578 studia,
575 1516 743 1574 sermones,
774 1517 945 1582 quemdum-i

41 1597 87 1660 que
108 1601 221 1647 cursum
242 1584 364 1647 fortuna
387 1583 521 1662 dederit,
555 1600 659 1645 secum
681 1583 741 1646 se⁸
774 1585 944 1648 abluturum
1034 1633 1035 1640 ,

40 1681 96 1726 esse
118 1666 195 1730 dicit.
241 1667 378 1730 Meminit
401 1668 509 1744 etiarn,
538 1683 646 1728 uocem
671 1665 759 1730 sibi⁴
792 1668 943 1750 preconis
955 1681 991 1738 aa
1100 1713 1101 1718 η

41 1748 114 1811 modo
141 1749 289 1829 defuisse,
318 1769 420 1831 *quam
450 1749 572 1812 minime
600 1749 796 1830 desiderarit,
838 1749 944 1833 populi

42 1847 99 1893 uero
120 1835 231 1897 cunctis
254 1834 421 1916 suffragiis,
443 1833 524 1915 quod
544 1851 635 1897 unum
655 1835 793 1915 cupierit,
817 1851 852 1897 se
865 1850 945 1896 con-

41 1912 120 1976 sulem
140 1916 339 1993 declaratum;
379 1934 460 1981 nunc
480 1916 627 1998 denique,
650 1917 677 1980 si
696 1918 761 1980 haec
782 1924 946 1996 contrusa

42 1996 90 2060 sint
108 1997 217 2080 lutura,
230 2001 291 2065 sibi
314 1999 460 2064 facinoris
475 2001 690 2083 suspicionem,
712 2019 773 2064 mom
790 2000 862 2064 facti
880 2001 945 2064 cri-

41 2083 239 2148 neruosusne.
287 2083 379 2147 Addit
399 2083 473 2162 bec,
494 2101 560 2164 que
582 2091 667 2147 certe
683 2103 756 2148 vera
772 2091 851 2164 sunt,
875 2083 946 2146 lor-

41 2163 77 2224 us
96 2169 123 2226 et
142 2169 292 2250 sapientes
317 2169 401 2230 viros
424 2184 487 2230 non
506 2173 565 2230 tam
587 2169 710 2251 premia
733 2169 820 2249 sequi
842 2169 946 2232 solere
1038 2227 1040 2231 ,

42 2253 110 2308 recte
130 2247 277 2314 factorum
302 2269 391 2331 quam
414 2250 481 2333 ipsu
509 2256 594 2313 recte
616 2251 712 2325 facta3
757 2269 792 2314 se
815 2251 890 2315 nibil
913 2252 946 2315 in
1072 2319 1074 2328 ,

42 2328 89 2392 ulla
107 2334 160 2395 nisi
181 2333 412 2416 preclarissime
432 2332 561 2409 recisse,
601 2334 629 2398 si
659 2333 780 2416 quidem
807 2336 883 2402 nihil
907 2335 946 2399 sit
985 2347 987 2356 ’

42 2417 218 2488 prestabilius
239 2420 329 2495 uiro,
360 2432 450 2500 quum
475 2418 619 2500 perieulis
642 2419 770 2500 patriam
793 2419 944 2495 liberare;

42 2491 128 2561 beatos
151 2519 230 2584 esse,
263 2501 372 2584 quibus
396 2519 434 2564 ea
456 2519 508 2564 res
526 2501 635 2564 honori
656 2500 748 2564 luerit
769 2520 786 2564 a
807 2503 871 2566 suis
895 2502 945 2570 oi-

44 2578 131 2659 uibus,
160 2603 217 2647 nec
238 2591 338 2648 tumen
362 2601 416 2648 eos
437 2586 585 2663 miseros,
618 2586 669 2667 qui
689 2585 838 2648 beneficio
860 2585 990 2652 eivessr

44 2675 101 2754 tuos
120 2666 259 2744 uicerint3
282 2669 338 2732 sed
358 2674 457 2732 tamen
480 2686 519 2730 cx
536 2668 673 2732 omnibus
694 2669 827 2752 premiis
845 2669 946 2734 virtu*-

44 2745 81 2822 tus,
99 2749 122 2810 si
144 2758 223 2814 esset
242 2752 381 2818 habenda
405 2751 481 2815 ratio
504 2753 707 2833 premiorum,
727 2752 947 2836 amplissimum

44 2836 268 2921 casamentum
287 2836 434 2918 glorium3
473 2853 542 2898 esse
562 2834 640 2899 banc
657 2854 758 2914 unam,
782 2854 849 2916 que
870 2836 948 2899 bre-

44 2916 144 2978 utatcm
164 2919 231 2980 vite
249 2919 434 3002 posteritatis
458 2919 602 2982 memoria
627 2920 847 2997 consolaretur,
877 2936 946 3003 que

46 2990 175 3078 eliceret,
196 3007 229 3065 ut
250 3003 390 3066 absentes
412 3002 604 3079 adessemus,
625 3004 735 3065 mortui
756 3003 945 3080 viveremus3

46 3071 109 3140 banc
128 3081 255 3166 denique
276 3103 363 3164 esse,
399 3087 485 3150 cuius
506 3085 649 3170 gradibus
674 3087 763 3150 etiarn
785 3087 818 3150 im
841 3089 948 3152 caelum

47 3153 188 3228 bomines⁶
221 3169 396 3233 viderentur
414 3169 607 3232 adscendere.
657 3167 723 3232 '’De
745 3189 811 3250 me,
842 3173 994 3255 inquitas

47 3255 148 3326 temper
166 3253 296 3334 populus
316 3251 476 3332 Romanus,
496 3269 616 3334 semper
639 3269 745 3318 omnes
766 3262 873 3338 gentes
897 3255 954 3316 Ιο-ἱ

48 3335 173 3411 tteumr,
205 3337 288 3399 nulla
309 3347 450 3418 umquam
471 3336 657 3402 obmutescet
679 3345 821 3402 uetustas.
868 3336 950 3411 Quin

47 3401 97 3506 ἕως
111 3419 241 3499 tempore
261 3420 340 3502 ipso,
358 3437 449 3500 quum
468 3435 575 3495 omnes
589 3439 607 3484 a
622 3423 698 3485 meis
720 3421 849 3484 inimicis
863 3419 950 3483 faces
987 3426 988 3431 ’

49 3493 150 3560 rnudiue
171 3519 244 3565 meae
266 3502 480 3590 subiicientur,
524 3510 594 3568 taem
615 3506 697 3570 omni
718 3507 750 3568 in
781 3503 951 3568 bominum

80 3697 479 3780 ¹b-0510umapperieala
524 3711 539 3745 ¹
558 3711 639 3778 codd,
660 3673 759 3768 Aaron.
776 3739 811 3756 ··-
828 3715 882 3767 vite
899 3727 950 3766 ve-

78 3777 128 3894 :²3
163 3780 350 3836 ‘mn—re.
394 3781 459 3836 *ΕΣ
477 3807 511 3832 ψ-
531 3782 581 3836 sibi
599 3799 702 3838 rocem.
750 3783 904 3840 ⁸lrornines
922 3784 950 3836 in

120 3861 166 3900 nm.
