2490 4316
226 251 512 349 rururrr'rd‘n'
530 253 759 324 secunus.
904 239 978 324 ἐπ’

49 459 107 504 eom
126 443 186 524 dno
207 427 376 524 glddiutore
397 440 595 523 nequissimo,
626 439 665 502 de
684 447 720 504 re
741 429 861 522 puh‘liea
882 459 957 524 gru·

49 525 116 586 viter
143 541 273 605 querens
303 525 341 588 de
373 525 495 586 homine
524 525 599 586 nihil
624 525 694 588 dixi.
726 525 843 606 'itaque
866 525 958 587 hodie

47 605 207 688 perficiem,
241 612 277 669 ut
304 608 469 690 intelliget,
507 613 647 688 quandum
672 627 688 670 n
710 625 762 680 me,
779 607 957 671 benetioium

47 697 101 752 tum
121 691 277 773 occeperit.
323 691 362 754 At
384 694 471 754 etiem
493 684 626 768 litteras,
641 698 731 774 'quas
750 711 798 754 me
819 690 877 755 sibi
893 692 957 770 mi·
1003 687 1029 758 4

48 774 117 835 sisse
143 773 274 852 diceret,
309 776 448 838 recitauit
470 776 561 838 homo
584 781 614 837 et
634 774 823 843 humanitatis
845 777 956 858 expers

47 861 73 917 et
89 858 153 920 vitae
171 859 339 920 eommunis
357 860 489 942 igmarus.
537 859 611 933 Quis
634 859 713 921 enim
735 863 883 940 umquam,
907 857 958 942 qni

46 940 205 1020 paullulum
223 941 315 1003 modo
328 942 486 1027 'bonorum
506 941 753 1009 consuetudinem
770 950 884 1020 nosset,
906 943 959 1005 lit-

47 1029 116 1084 teras
136 1025 173 1087 ed
189 1038 224 1087 se
247 1025 286 1086 ob
305 1026 402 1087 amieo
418 1027 536 1101 misses,
558 1025 729 1088 offensione
744 1025 844 1105 eliqua
861 1028 959 1087 inter-

48 1107 143 1186 posite,
164 1107 195 1170 in
219 1108 350 1170 medient
368 1109 492 1190 protulit
507 1109 666 1190 palamque
685 1108 850 1171 recitavit?
881 1108 967 1182 Quid·

47 1194 86 1250 est
108 1191 185 1253 uliud
208 1192 330 1253 tollere
345 1195 362 1254 e
380 1189 443 1254 uite
467 1194 535 1254 vitre
551 1195 735 1270 societatem,
757 1191 960 1254 toliere'emiss

46 1289 138 1336 eorum
159 1275 312 1355 ooiioqu'ie
334 1273 524 1352 absentium-‘i
550 1275 645 1352 Quum
667 1276 843 1350 multarem
862 1275 961 1338 soient

46 1371 106 1416 esse
126 1357 156 1419 in
181 1358 328 1438 epistole,
354 1362 438 1439 qdoe,
460 1359 576 1442 prolotd
600 1359 630 1422 si
649 1359 724 1438 sint,
747 1360 849 1440 inepte
871 1358 960 1424 vrde-
1062 1429 1068 1436 ,

46 1439 146 1501 untur?
185 1457 275 1522 quom
291 1441 394 1502 ¹muita
422 1443 502 1504 serie
531 1458 631 1523 neque
659 1449 758 1506 tomen
781 1443 843 1505 ullo
868 1441 959 1504 modo

45 1520 241 1605 divulganda?
267 1515 410 1602 'Sithon
430 1525 700 1600 inhumanitati313
734 1525 885 1587 stultitiam
909 1526 988 1588 in-e

45 1605 207 1668 credibilem
222 1605 339 1685 'videte
387 1607 465 1680 Quid
489 1609 593 1685 trudes,
615 1605 705 1689 quod·
718 1607 796 1669 mihi·
812 1622 960 1688 oppones,

46 1685 126 1750 homo
147 1689 270 1767 diserte,
291 1695 324 1751 ut
336 1689 471 1753 Mustele
491 1691 623 1754 'tamisio
646 1699 677 1754 et
698 1689 801 1753 'tironi
823 1690 972 1752 Numisio.
1020 1717 1022 1720 ·

46 1771 147 1835 videris
169 1772 239 1858 (qui
263 1786 353 1854 quum
375 1775 434 1836 troo
457 1775 525 1855 ipso
546 1781 681 1856 tempore
705 1779 784 1836 stent
800 1789 867 1836 eum
889 1773 960 1856 glo-

47 1852 96 1915 diis
116 1857 147 1918 in
168 1861 495 1936 conspeetu‘senetus,
531 1859 591 1940 ego
621 1871 743 1940 quoque
764 1861 794 1919 te
815 1857 960 1920 disertum
976 1902 978 1910 ,
992 1892 1000 1912 2

46 1939 155 2017 putabo,
178 1941 205 2002 si
227 1939 406 2014 ostenderis,
430 1941 582 2023 quomodo
602 1942 645 2004 sis
669 1957 723 2002 eos
739 1940 818 2002 inter
833 1940 960 2002 sicarios

45 2019 245 2102 defensurus),
282 2023 342 2084 sed·
365 2025 444 2104 quid·
463 2038 604 2108 oppones
626 2019 762 2100 tandem,
791 2027 818 2086 si
840 2039 961 2106 negem,

45 2107 88 2163 'ne
106 2111 243 2187 umquem
267 2105 478 2183 istasiiitterus
503 2109 542 2170 od
568 2114 597 2192 te
627 2107 772 2170 misisse?
817 2105 883 2180 Quo
912 2123 961 2167 me

47 2191 115 2248 teste
141 2187 330 2252 convincas?
349 2207 357 2274 j
376 2189 442 2252 An·
459 2190 682 2273 chirographo,
718 2191 749 2254 in
780 2207 840 2273 quo
867 2189 960 2252 hebes
1043 2241 1046 2252 .

45 2269 189 2334 'seientiam
212 2273 441 2354 quaestuosum?
474 2273 531 2347 Qui
556 2275 686 2355 possis‘d
722 2280 793 2337 sunt·
816 2275 895 2335 eninr
919 2275 961 2336 li-

47 2349 129 2416 brerii
149 2371 247 2418 meno.
286 2353 351 2416 iem
373 2357 492 2418 invideo
515 2357 661 2438 magistro
684 2363 746 2433 tuo,
769 2359 820 2438 qui
835 2363 866 2418 te
881 2363 961 2419 tonte

47 2439 194 2516 mereede,
229 2444 367 2519 qnerrtstm
390 2441 448 2502 ium
472 2439 644 2521 proferam,
664 2440 749 2503 nihil
769 2441 879 2521 strpere
901 2439 961 2501 do-

48 2521 137 2583 neate.
172 2522 258 2596 Quid'
274 2528 322 2584 est
339 2523 418 2584 enim
436 2525 544 2601 miuus,
570 2541 632 2584 non
653 2521 720 2584 dioo
741 2523 881 2597 oratoris,
906 2521 989 2592 sedo

47 2598 181 2684 hominis,
212 2613 302 2686 quem
323 2605 353 2667 id
375 2606 509 2668 obiicere
531 2606 724 2682 edversario,
754 2603 835 2688 quod
859 2605 910 2667 ille
934 2603 961 2668 si

48 2687 130 2747 verbo
146 2707 184 2750 ne
208 2689 274 2766 urit,
297 2685 420 2770 longius
429 2690 579 2772 ‘progredi
596 2693 657 2751 non
674 2690 782 2772 possit,
805 2689 855 2771 qui
871 2689 962 2751 obie-

47 2770 135 2862 een't?
182 2709 223 2834 {t
246 2787 305 2854 ego
324 2785 386 2850 non
410 2777 516 2855 dego,
544 2779 636 2862 teque
659 2773 689 2834 in
709 2773 769 2835 isto
794 2774 861 2854 ipso
884 2775 962 2834 eona

47 2867 127 2914 undo
144 2867 204 2916 non
229 2855 597 2931 inhumanitatissoium,
621 2856 676 2918 sed
700 2858 790 2918 etium
815 2855 961 2916 ementiaet
994 2873 998 2885 ·

48 2930 124 3003 Quod
152 2940 232 2999 enirn
262 2939 385 3002 verbum
409 2940 439 3000 in
460 2940 525 3000 istis
550 2939 658 3001 litteris
683 2945 729 3000 est
754 2935 815 3000 trun
838 2938 960 3018 plenum

47 3012 236 3099 humanitatis,
258 3021 360 3102 osiioii,
381 3021 625 3085 benevolentiae?
659 3021 755 3082 Omne
777 3027 875 3084 eutem
895 3022 960 3083 ori-

47 3107 107 3162 men
126 3109 209 3165 tuum
231 3111 293 3182 est,
329 3106 409 3187 quod
432 3105 470 3166 de
493 3105 574 3168 tein
598 3103 781 3166 histitteris·
798 3121 858 3168 non
883 3105 961 3167 m'ote

47 3183 220 3266 existimem,
232 3189 312 3269 quod
329 3189 457 3251 scribom
469 3196 619 3270 tamquam
637 3187 673 3250 ed
689 3189 796 3266 civem,
812 3196 960 3269 tamquam

47 3264 80 3325 ud
108 3268 218 3334 bonum
249 3273 365 3350 uirum,
400 3290 461 3334 non
492 3278 647 3353 tamquam·
667 3271 704 3334 ad
726 3272 905 3335 sceleratum
930 3275 961 3332 et

47 3345 192 3415 latronem.
238 3355 447 3439 megetiae
477 3355 608 3431 litteras,
637 3357 697 3418 etsi
721 3357 788 3418 iure
814 3359 960 3435 poteram,

47 3437 108 3493 ate
129 3436 306 3516 lacessitus,
338 3445 436 3501 temen
457 3455 518 3501 non
539 3438 710 3520 proferam,
737 3438 849 3519 quibus
871 3439 960 3518 petis,
1002 3481 1005 3487 -

47 3519 77 3575 ut
96 3514 152 3581 titi·
175 3536 230 3616 per
242 3522 412 3601 'nieiieeet
429 3522 583 3607 'quendem
602 3524 643 3585 ‘de
665 3522 773 3584 exsilio
802 3519 961 3596 reducere,

48 3597 230 3685 adiurasque,
250 3606 283 3668 id
305 3611 345 3683 te,
366 3607 458 3670 invito
481 3623 539 3685 me,
563 3622 625 3668 non
647 3620 716 3669 esso
730 3604 888 3680 sucturum,
910 3602 960 3664 id-

47 3695 100 3759 que
122 3703 138 3746 o
161 3705 209 3749 me
238 3689 390 3772 impetres.
440 3689 517 3763 Quid
547 3691 630 3753 enim
658 3707 707 3752 me
738 3689 960 3770 interponerem

48 3799 266 3824 Ἢ

84 3862 91 3891 ¹
113 3866 300 3925 inhumanitatis
319 3882 378 3928 tuae.
434 3873 447 3904 ¹
468 3873 565 3926 docuit.
