2468 4318
256 243 346 304 nno
379 205 567 302 nacula
600 241 762 301 roura,
920 246 971 301 aa
1029 206 1036 221 ⁸

61 422 111 484 bus
125 415 193 481 *lere
211 419 374 502 gentibus,
392 417 498 482 Latina
519 417 584 482 suis
600 416 719 495 linibus,
742 415 863 502 exiguis
884 419 970 500 sane,

59 505 247 584 continentur.
290 502 390 575 Quare
411 503 439 566 si
457 520 509 564 res
530 519 584 580 ere,
608 519 682 582 quas
700 503 861 584 gessimus,
884 503 969 567 orbis

59 594 137 649 terro
158 585 335 668 regionibus
357 584 556 662 definiuntur,
586 601 699 665 cupere
720 585 881 664 debemus,
899 603 969 668 'quo

57 687 185 732 manuum
205 676 377 732 nostrarum
394 669 457 730 tela
472 669 677 750 pervenerint,
708 668 815 732 codem
838 669 968 752 gloriam
1011 673 1015 680 ’

58 752 215 834 famamque
236 757 413 834 penetrare,
444 751 525 833 quod
550 769 640 832 quum
665 751 740 832 ipsis
761 753 901 836 populis,
928 753 968 816 de

56 854 171 916 quorum
194 835 287 898 rebus
315 835 473 912 scribitur,
507 834 572 896 lraec
599 835 698 915 ampla
726 842 811 913 surtt,
843 841 904 898 tum
927 837 967 899 iis
1001 849 1003 858 ’

56 925 138 998 eene,
161 920 212 1001 qui
233 920 271 981 de
292 920 353 980 vita
373 919 488 1000 gloriae
500 935 592 980 causa
613 918 764 996 dimicant,
793 919 852 981 lmc
865 917 967 982 maxi-

56 1021 125 1064 mum
152 1010 183 1064 et
210 1002 417 1084 periculorum
448 1002 671 1064 incitamentum
698 1007 744 1064 est
765 1009 796 1066 ct
819 1003 965 1066 laborum.

57 1085 140 1158 boam
168 1086 280 1148 multos
312 1085 477 1166 scriptores
498 1103 600 1146 rerum
621 1103 743 1147 suarum
765 1104 892 1168 magnus
912 1086 1015 1150 illesa·

54 1169 216 1232 Alexander
237 1187 341 1232 seeum
366 1167 509 1231 habuisse
529 1168 662 1231 dicitur?
683 1167 783 1250 Atque
804 1169 830 1230 is
854 1176 965 1248 tamen,

55 1271 134 1332 quum
153 1254 186 1314 in
208 1251 302 1334 Sigeo
326 1251 365 1315 ad
385 1250 515 1315 Achillis
544 1252 689 1313 tumulum
720 1252 902 1332 adstitisset,
937 1251 965 1316 0

52 1335 204 1414 sanante,
221 1336 335 1417 inquit,
357 1333 546 1410 adolescens,
569 1336 621 1416 qui
636 1343 696 1398 tore
712 1337 834 1399 virtutis
849 1334 965 1399 Home-

53 1437 110 1480 rum
125 1431 299 1499 meconem
320 1421 481 1480 inveneris.
529 1419 567 1481 Et
587 1437 670 1480 vere.
710 1417 785 1481 Nam
810 1420 869 1483 nisi
892 1419 964 1484 llias

52 1500 97 1564 illa
116 1503 288 1579 exstitisset,
313 1501 391 1565 idem
413 1501 554 1579 tumulus,
585 1502 637 1582 qui
659 1518 770 1582 corpus
794 1503 860 1565 sius
884 1519 964 1566 con·
989 1533 992 1540 ,

52 1590 166 1664 texerat,
193 1603 307 1648 nomen
328 1586 418 1646 etiam
440 1584 600 1646 obruisset.
648 1583 754 1657 Quid?
786 1590 891 1648 noster
911 1585 963 1649 bie

51 1665 180 1750 llagnus,
196 1669 251 1750 qui
273 1686 341 1731 cum
358 1668 469 1730 virbrte
488 1667 640 1730 fortunam
662 1666 836 1748 adequavit,
859 1685 963 1732 nonno

51 1749 252 1833 Theophanem
272 1751 485 1831 ltlitylenaeum,
506 1750 685 1831 scriptorem
706 1767 961 1828 rerumsuarum,
1088 1755 1091 1764 “

52 1833 78 1896 in
97 1837 235 1898 contione
258 1835 386 1896 militum
411 1833 530 1897 civitate
553 1833 699 1896 donauit?
730 1838 775 1894 ¹et
796 1835 892 1897 nostri
916 1835 962 1912 illi
1061 1863 1065 1876 ⁴
1183 1857 1187 1870 ·

51 1915 135 1982 fortes
154 1920 225 1996 riri,
248 1917 303 1980 sed
324 1917 430 1980 rustici
451 1936 486 1980 ac
507 1917 628 1994 milites,
653 1917 811 1980 dulcedine
833 1917 962 2000 quadam

51 1995 144 2081 glorie
177 2001 337 2078 commoti,
376 2001 462 2082 quasi
498 2001 660 2083 participes
688 1999 822 2062 eiusdem
852 2001 961 2080 laudis,
1032 1996 1034 2006 '

51 2099 147 2168 magno
170 2084 246 2148 illud
266 2085 399 2153 clamore
420 2084 688 2165 approbaverunt?
722 2083 834 2164 ltaque,
855 2083 1006 2164 'credone

50 2167 73 2227 si
93 2169 162 2232 ciuis
184 2169 338 2231 Romanus
362 2167 491 2233 Archias
516 2167 635 2250 legibus
655 2185 717 2231 non
738 2173 837 2246 esset,
867 2173 906 2246 ut
921 2169 958 2232 ab
1020 2237 1024 2258 ,

51 2249 139 2332 aliquo
161 2254 347 2334 imperatore
368 2247 487 2312 civitate
513 2250 693 2332 donaretur,
728 2249 961 2333 perlicerenon

50 2335 149 2412 potuit;
190 2335 292 2413 Sulla,
327 2333 419 2415 quum'
446 2333 595 2415 llispanos
625 2333 750 2397 donaret
771 2338 800 2396 et
823 2335 925 2399 Gallos
935 2335 961 2415 ¹,

49 2417 147 2496 credo,
177 2418 260 2482 bunc
288 2423 440 2500 petentem
469 2418 678 2498 repudiasset3
747 2435 815 2480 uem
846 2433 902 2480 nos
926 2420 960 2480 in

49 2502 175 2565 contione
196 2502 347 2578 vidimus,
375 2518 466 2582 quum
487 2501 517 2563 ei
537 2501 670 2562 libellum
690 2437 787 2564 mdlus
807 2507 896 2582 poeta
919 2499 959 2564 de
1040 2574 1042 2584 Ι

48 2584 148 2664 populo
173 2586 365 2662 subiecisset,
387 2582 468 2666 quod
489 2584 674 2666 epigramma
689 2584 719 2645 in
738 2602 806 2647 eum
823 2583 958 2663 lecisset,

49 2668 237 2736 tantummodo
261 2669 383 2732 alternis
406 2668 544 2730 versibus
570 2667 779 2748 longiusculis,
800 2668 896 2748 statim
919 2685 961 2730 ex
1044 2661 1049 2675 ’

49 2746 80 2809 iis
100 2751 204 2830 rebus,
239 2769 313 2833 quas
338 2757 409 2814 tune
429 2750 595 2829 vendebat,
625 2750 731 2813 iubere
754 2751 783 2812 ei
799 2752 982 2833 premium

49 2831 137 2912 tribui,
158 2834 239 2898 sed²
261 2853 297 2897 ea
317 2835 506 2911 condicione,
529 2853 569 2896 ns
591 2834 662 2914 quid
681 2839 787 2916 postea
802 2834 960 2898 scriberet.

49 2912 97 2985 on
123 2913 311 2982 sedulitatem
343 2918 414 2980 mali
444 2923 543 2999 poetar
573 2917 692 2980 duxerit
725 2918 825 2998 aliquo
859 2925 959 2981 tamen

48 3000 156 3075 premio
172 3002 305 3083 dignam,
327 3000 415 3064 buius
436 3001 591 3082 ingenium
613 3005 643 3061 et
665 3000 803 3062 virtutem
824 3001 856 3063 in
875 3003 973 3064 scri-.

48 3075 132 3144 bendo
155 3091 185 3146 et
206 3085 325 3164 copiam
347 3102 408 3147 non
430 3082 621 3165 expetisset?
656 3082 759 3155 Ouid?
791 3102 808 3146 a
831 3084 866 3157 Q.
888 3085 1005 3148 lle-2⁶

48 3163 109 3225 tello
138 3167 206 3246 Pio,
242 3168 477 3230 familiarissimo
509 3184 584 3246 suo,
623 3166 674 3246 qui
703 3164 821 3230 civitate
844 3167 957 3232 multos
991 3231 994 3236 .

49 3243 170 3330 donavit,
205 3268 305 3331 neque
335 3267 392 3332 per
424 3269 459 3313 sa
488 3268 587 3330 neque
611 3266 667 3330 per
688 3249 831 3313 Lucullos
854 3252 956 3330 impe-

48 3330 194 3396 travisset?
240 3334 293 3415 qui
325 3335 492 3416 prasertim
524 3352 622 3414 usque
654 3351 692 3395 eo
717 3333 754 3396 de
778 3334 840 3395 suis
863 3331 956 3396 rebus

48 3413 126 3475 scribi
146 3425 280 3498 cuperet,
310 3423 342 3480 ut
361 3418 450 3480 etiam
472 3416 620 3480 Cordubae
641 3415 719 3478 natis
742 3417 851 3497 postia,
881 3416 955 3497 piu-

48 3509 97 3571 gte
118 3500 255 3580 quiddam
277 3501 454 3564 sonantibus
480 3506 568 3583 atque
599 3499 814 3582 peregrinum,
855 3501 956 3561 tamen

49 3591 123 3640 aures
142 3601 210 3646 suas
234 3583 366 3646 dederet.
410 3583 517 3667 Neque
547 3585 627 3647 enim
658 3589 702 3645 est
723 3581 783 3642 hoo
805 3581 953 3644 dissimu-
1018 3569 1065 3646 ll

51 3653 168 3742 landum,
194 3667 275 3749 quod
297 3667 454 3732 obscurari
474 3685 536 3732 uon
557 3673 677 3750 potest,
698 3663 755 3730 sed
777 3665 952 3758 pronubis

48 3771 255 3800 Πωῇ------.

79 3832 85 3862 ¹
104 3836 131 3890 Ε.
148 3868 178 3880 -
196 3853 224 3896 et
238 3820 329 3902 ‘Gades
348 3845 407 3900 don.
468 3845 483 3878 ²
505 3841 590 3898 Scbol.
609 3836 724 3897 Andros.
741 3867 775 3886 ··
793 3844 850 3898 sub.
