2490 4316
265 211 799 304 aarurearo‘asacunan.
942 241 995 294 aas

61 407 215 484 onerasti,
237 423 324 488 mrem
346 409 440 491 patris
461 409 543 486 loco,
566 407 594 470 si
614 407 677 473 ulla
690 407 722 472 in
736 413 766 470 te
786 405 882 488 pietas
897 413 995 486 essct,

66 492 175 553 colere
191 490 333 554 debebas.
375 493 480 555 Filiam
495 494 572 569 eius,
592 509 730 554 sororem
754 499 844 568 tuam,
865 489 993 568 eiecisti,

67 576 130 638 alia
160 575 341 638 condicione
372 578 495 657 quaesita
520 581 550 638 et
577 581 645 638 ante
673 575 875 656 prospecta1.
925 573 993 638 Non

65 665 116 720 est
136 658 219 720 satis.
267 657 372 722 Probri
393 659 572 723 insimulasti
593 659 819 738 pudicissimam
842 656 995 722 feminam.

65 741 149 814 Quid
170 747 226 818 est,
250 742 331 822 quod
354 743 422 805 addi
442 741 564 823 possit?
598 740 763 804 Contentus
784 759 822 804 eo
844 757 907 804 nun
929 739 994 802 lui-

63 826 113 887 sti.
161 825 415 907 Frequentissimo
447 832 553 888 senatu
582 824 724 887 Kalendis
757 825 905 888 lanuariis
937 843 993 888 se·
1091 895 1094 908 .

63 907 158 968 dente
180 914 306 988 patruo,
337 909 414 972 bano
433 909 487 972 tibi
511 927 581 972 esse
603 925 669 970 cum
691 908 847 972 Dolabella
871 903 993 972 causam
1192 977 1195 986 ,

63 991 130 1052 odii
161 991 264 1052 dicere
294 1010 386 1055 ausus
408 1010 462 1069 es,
483 992 582 1073 'quod
604 992 640 1054 ab
666 1008 704 1053 eo
726 992 828 1056 sorori
850 998 881 1054 ct
902 994 993 1057 uxori
1073 1051 1075 1057 .

63 1080 125 1136 tue
148 1081 285 1155 stuprum
313 1075 446 1139 oblatum
479 1093 549 1138 esse
578 1076 792 1157 comperisses.
840 1075 914 1149 Quis
942 1076 994 1138 iue-

62 1161 228 1238 terpretari
249 1165 365 1239 potest,
393 1159 653 1240 impudentiorne,
682 1158 786 1238 quiin
809 1163 933 1236 senatu,
955 1177 994 1222 an

48 1241 245 1321 improbior,
266 1242 318 1320 qui
339 1244 370 1303 in
385 1242 582 1320 Dolabellam,
603 1261 640 1304 an
657 1242 813 1323 impurior,
838 1242 889 1322 qui
907 1248 993 1323 patre

61 1324 224 1404 audiente,
256 1342 293 1386 an
321 1326 490 1400 crudelior,
523 1327 574 1408 qui
604 1325 635 1388 in
665 1326 745 1388 illam
768 1326 909 1390 miseram
932 1331 992 1390 taut
1209 1401 1211 1406 ,

61 1425 195 1487 spurce,
234 1415 293 1470 tem
324 1409 416 1490 impie
444 1407 583 1470 dixeris?
631 1407 691 1472 Sed
721 1410 758 1471 ad
791 1409 930 1490 chiragra
953 1396 1105 1474 ha1oo39

60 1490 235 1552 redeamus.
283 1491 357 1565 Oua
381 1499 431 1555 tua
456 1489 512 1554 luit
527 1491 686 1574 cognitio?
721 1493 798 1556 Acta
819 1493 900 1557 enim
922 1429 993 1554 gae-

62 1575 144 1636 saris
173 1575 259 1654 pacis
290 1593 395 1639 causa·
411 1574 584 1638 confirmata
613 1581 725 1654 sunta
754 1582 880 1653 senatu,
925 1593 992 1656 qum

62 1656 186 1737 quidem
210 1656 312 1722 Caesar
334 1659 467 1742 egisset,
497 1675 559 1722 nen
583 1674 638 1735 ea,
669 1677 735 1740 quae
759 1660 862 1741 egisse
887 1656 993 1722 Caesa-

61 1743 157 1813 rem?
182 1741 310 1804 dixisset
329 1742 488 1806 Antonius.
530 1739 615 1803 Unde
639 1743 696 1805 ista
717 1741 902 1823 erumpunt?
931 1760 992 1822 quo

62 1830 190 1886 auctore
209 1824 429 1905 proferuntur?
467 1824 500 1889 si
521 1830 591 1888 sunt
612 1823 708 1902 falsa,
732 1825 991 1906 curprobantur?

61 1907 90 1971 si
115 1925 199 1984 vera,
221 1924 275 1970 cur
298 1907 455 1972 veneunt?
498 1907 538 1970 At
560 1908 607 1970 sic
629 1907 793 1988 placuerat,
814 1914 846 1972 ut
869 1927 908 1970 cx
928 1908 991 1972 lla-

63 1990 164 2053 lendis
188 1991 278 2054 laniis
305 1991 343 2054 de
365 1990 494 2054 Casanis
515 1991 589 2056 actis
612 2009 679 2054 cum
711 1993 840 2058 oonsilio
870 2009 991 2075 cogno-

61 2073 203 2136 sceretis.
252 2074 340 2148 Quod
362 2073 419 2137 luit
440 2075 624 2140 consilium?
647 2093 736 2156 quem
751 2093 890 2156 umquam
912 2093 990 2138 con-

61 2157 206 2220 vocasti?
237 2175 313 2241 quas
336 2157 484 2220 Kalendas
507 2157 608 2222 lunias
634 2158 840 2240 exspectasti?
866 2177 904 2222 an
926 2176 992 2237 eas,

61 2241 101 2304 ad
124 2259 200 2322 quas
217 2248 265 2318 te,
294 2242 463 2324 peragratis
486 2247 697 2304 vetemnorum
716 2243 864 2322 colobiis,
894 2244 992 2324 stipa-

63 2323 497 2388 mmmw,
982 2338 1058 2370 ff

168 2406 194 2469 0
212 2408 387 2489 preclaram
404 2407 485 2474 illam
504 2405 764 2488 percursationem
785 2412 865 2470 tuam
887 2425 992 2470 mense

61 2490 162 2572 Aprili
187 2498 275 2572 atque
296 2489 395 2569 blaio,
418 2497 498 2570 tum,
520 2509 611 2571 quum
635 2491 734 2553 etiam*
747 2489 880 2573 Capuam
901 2490 992 2552 colo-

60 2575 143 2637 niam
176 2575 326 2638 deducere
357 2581 481 2638 conatus
511 2572 562 2637 esl
618 2574 873 2648 Quemadmodum
905 2573 990 2638 illinc

62 2657 194 2734 abieris,
223 2659 273 2721 vel
290 2658 391 2739 potius
433 2676 499 2721 aene
522 2676 584 2721 non
606 2657 736 2736 abieris,
763 2659 884 2722 scimus.
933 2656 1051 2729 Cui101

62 2747 93 2803 tu
114 2741 183 2803 urbi
206 2741 361 2804 minitaris.
424 2743 515 2804 tinam
538 2759 662 2818 sonere,
685 2747 718 2804 ut
739 2743 900 2824 aliquando
916 2741 992 2804 illud

59 2843 149 2904 paene
178 2823 316 2888 tollatur!
358 2823 399 2887 At
429 2825 654 2906 quamnobilis
679 2833 727 2888 est
747 2825 872 2890 tuailla
918 2843 991 2887 ere-

61 2907 218 2990 grinatio?
267 2906 345 2981 Quid
366 2908 561 2990 prandiorum
586 2914 765 2990 apparatus,
797 2909 869 2990 quid
888 2844 990 2970 bano..

62 3010 127 3054 sam
156 2990 350 3055 vinolentiam
383 2998 463 3054 tuam
485 2991 666 3073 proferam?
713 2993 776 3054 'lua
804 2993 861 3056 ista
894 2991 990 3056 detri-

61 3081 162 3138 menta
190 3079 276 3150 sunt;
322 3075 373 3138 illa
397 3081 509 3138 nostra.
552 3073 669 3156 Agrum
700 3074 903 3156 Campanum,
938 3074 990 3156 qui
1036 3117 1039 3134 .

61 3175 153 3240 quum
177 3157 215 3220 de
236 3157 436 3240 vectigalibus
457 3157 654 3235 eximebatur,
679 3166 711 3221 ut
732 3158 876 3222 militibus
898 3158 990 3221 dare-

61 3249 130 3318 tur,
153 3247 255 3303 tamen
277 3241 373 3324 indigi
396 3259 537 3324 magnum
554 3242 599 3304 rei
623 3242 874 3323 publicaevulnus
898 3247 990 3322 puta·

60 3325 179 3400 bamus,
201 3325 281 3386 hunc
305 3330 335 3386 tu
359 3323 625 3408 compransoribus
648 3327 707 3390 tuis
733 3333 764 3388 et
785 3325 989 3388 collusoribus

60 3407 236 3482 dividebas3
270 3408 377 3472 mimos
399 3408 468 3471 dieo
492 3416 524 3470 et
547 3410 670 3486 mimas,
692 3415 793 3490 patres
814 3408 989 3488 conscripti,

60 3491 91 3554 in
115 3506 192 3573 agro
216 3487 368 3571 Campano'
394 3490 569 3554 collocatos.
618 3492 697 3566 Quid
725 3493 784 3554 iam
808 3509 919 3572 querar·
950 3492 988 3553 da
1012 3553 1037 3569 ,Δ

59 3591 137 3657 agro
160 3573 333 3638 Leontino?
355 3575 651 3658 quoniamquidem
675 3575 722 3640 bre
743 3575 893 3658 quondam
914 3593 987 3638 ara-

97 3771 107 3804 ¹
129 3781 278 3842 perspecta·
356 3765 521 3828 ’Cesaram
539 3757 651 3842 agisse.¹
714 3773 730 3862 ’Ἰ
750 3765 978 3843 quandoquidem
