2546 4310
316 247 450 304 xxrus
552 225 556 236 “

190 405 193 412 ’
264 403 326 459 bec
346 399 446 459 endem
474 400 588 472 uasat,
629 402 720 476 onum
748 405 841 466 tuma
867 403 995 475 asportes
1024 403 1201 463 Rutulorum

265 485 369 558 linquis
392 482 541 542 acervos.¹
588 485 648 543 lton
679 485 842 558 putelano
866 486 1086 544 emendationem
1108 505 1199 561 pror-

263 585 310 626 sus
334 575 437 624 certam
460 585 540 638 esse;
564 567 632 624 illud
656 572 747 625 tamen
768 573 875 626 certum
896 575 950 640 est,
973 559 1072 628 novam
1094 570 1200 643 perio-

263 653 327 708 dum
349 652 474 723 incipere
496 667 512 706 a
535 649 628 707 verbis
651 651 716 730 Non
735 654 801 708 iem
1038 711 1040 716 ,
1083 648 1085 652 ’

264 737 265 746 ’
352 734 383 788 la
406 735 533 790 oratione
553 733 670 808 Philipp.
696 733 720 790 ll
741 737 762 803 §
783 737 842 790 loo
863 749 942 791 nemo
967 733 1093 807 dubitat,
1126 736 1198 808 quin

263 823 393 890 corrupta
418 817 478 873 bec
500 817 570 874 siut:
609 816 779 874 Incredibile
803 816 899 873 dicem
947 817 999 873 sed
1028 826 1086 875 tum
1109 819 1198 874 nimis

262 901 339 954 inter
359 914 456 955 omnes
476 896 642 970 constabat,
678 902 815 956 neminem
837 914 899 956 esse
920 900 1116 957 resalutantem.
1163 901 1197 958 ln

262 980 363 1038 codice
384 982 522 1039 Vaticano
547 988 605 1039 est:
638 982 690 1038 sed
717 999 780 1040 cum
800 985 893 1042 ainus.
933 983 1002 1041 l-'uto
1024 983 1196 1040 Ciceronem

262 1064 307 1120 lais
326 1058 437 1122 verbis':
470 1065 522 1122 sed
541 1083 602 1121 sum
623 1068 731 1122 vicinus
754 1066 939 1139 significasse,
964 1083 1006 1138 se,
1029 1083 1110 1138 quum
1134 1068 1196 1124 ail-

261 1148 315 1204 iam
337 1148 365 1204 iu
386 1151 435 1205 illa
458 1149 561 1205 vicinia
584 1149 707 1220 haberet,
730 1167 765 1206 ex
785 1149 854 1222 ipsis
876 1149 1031 1220 Anagninis
1049 1152 1196 1205 recentem

180 1271 181 1277 κ
261 1247 319 1286 rem
337 1233 487 1303 audivisse,
509 1247 589 1304 quum
605 1233 665 1287 sine
681 1233 736 1290 ulla
753 1235 889 1310 varietate
905 1238 1072 1288 narraretur.
1103 1231 1195 1288 Eius-

207 1305 216 1324 ‘
261 1309 473 1371 demorationis
490 1316 569 1372 locus
590 1313 619 1370 in
641 1317 720 1383 §82
740 1316 774 1371 de
791 1315 905 1372 Antonii
927 1316 956 1370 in
978 1315 1097 1371 comitiis
1108 1331 1196 1370 con-

150 1413 152 1419 ·
252 1397 396 1473 sularibus
419 1397 628 1453 obnuntiatione
649 1398 779 1470 quoniam
801 1402 915 1471 propter
933 1398 974 1452 roi
992 1397 1194 1453 obscuritatem

260 1484 289 1534 et
310 1477 448 1536 hominum
464 1481 651 1536 dissensiones
674 1481 839 1553 disputando
857 1488 884 1536 et
902 1480 1117 1550 argumentando
1137 1497 1194 1536 ex-

259 1562 359 1635 plicari
381 1563 504 1620 breviter
529 1578 583 1620 non
606 1569 716 1636 potest,
747 1564 836 1620 dicam
859 1564 948 1634 nude,
973 1563 1039 1634 qnid
1063 1563 1131 1618 mibi
1156 1563 1192 1618 de

260 1662 296 1703 eo
329 1647 457 1704 videatur
478 1653 506 1702 et
526 1663 582 1720 quo
604 1646 746 1702 eorrectio
767 1664 827 1704 mea
849 1649 903 1702 iam
926 1652 987 1701 ante
1011 1647 1039 1701 iu
1062 1647 1193 1716 margine

258 1729 414 1799 significata
432 1736 552 1803 spectet:
580 1727 617 1783 lis
634 1727 706 1784 enim
722 1745 836 1801 prorsus
853 1729 1001 1799 assentior,
1023 1728 1079 1799 qui,
1104 1745 1192 1798 quum

255 1810 310 1867 illo
332 1819 457 1885 tempore
482 1813 598 1880 singula
620 1811 707 1866 tribus
728 1811 807 1866 binas
830 1813 966 1870 centurias
989 1811 1144 1880 baberent,
1163 1813 1191 1867 in

162 1916 165 1926 ¹
217 1923 225 1935 =
257 1895 326 1966 ipsis
348 1895 479 1950 centuriis
504 1894 632 1950 classium
655 1893 804 1949 discrimen
821 1895 906 1950 luisse
929 1899 1069 1964 statuunt3
1092 1895 1190 1965 itaque

257 1977 360 2054 Cicero
386 1983 479 2032 narrat
500 1977 613 2050 primum
639 1978 832 2049 praerogativo
854 1977 985 2033 centuriae
1009 1977 1189 2032 sortitionem

173 2057 179 2066 '
257 2061 358 2116 laetam
380 2067 560 2131 eventumque
582 2059 740 2116 sortitionis
762 2061 943 2116 renuntiatum
966 2076 1065 2131 esse3-
1084 2059 1190 2127 deinde

255 2143 450 2219 prorogatione
468 2143 598 2198 centuriae
613 2143 728 2216 primam
744 2144 860 2200 classem
881 2145 956 2200 iutro
973 2148 1101 2198 vocatam
1122 2144 1189 2198 sui-

256 2226 347 2295 lragia
368 2232 503 2281 consueto
527 2242 603 2282 more
632 2226 747 2297 tulisse,
782 2232 837 2283 tum
868 2225 1016 2282 secundam
1049 2225 1190 2299 classem3

253 2310 301 2365 liic
320 2308 428 2364 demum
452 2307 600 2364 Antonium
622 2309 814 2366 obnuntiasse:
853 2311 942 2366 Prima
966 2310 1057 2365 classe
1080 2315 1187 2364 vocata

254 2391 371 2448 necdum
393 2391 536 2462 suffragiis
557 2391 620 2452 latis
636 2393 718 2456 nulla
741 2393 908 2450 renuntiatio
929 2391 1048 2462 intelligi
1071 2397 1188 2463 potest;

253 2489 311 2532 vox
331 2476 512 2532 renuntiatur
534 2490 569 2531 ex
587 2476 731 2548 superiore
757 2491 840 2531 uersu
858 2473 1004 2532 errore-in
1033 2474 1107 2530 hunc
1134 2472 1186 2530 lo-

227 2619 230 2622 ,
254 2573 315 2615 eum
339 2558 460 2636 irrepsit.
508 2552 607 2632 (Quam
629 2559 731 2628 exigua
754 2574 818 2631 pars
836 2557 1030 2629 suffragiorum
1048 2563 1075 2611 et
1090 2557 1186 2613 comi·
1210 2593 1216 2604 ·

231 2642 353 2699 'tiorum
376 2647 489 2716 peracta
519 2641 621 2715 luerit,
653 2640 795 2697 declarant
826 2643 930 2698 verba:
975 2639 1070 2696 omnia
1098 2639 1186 2696 citius

251 2725 342 2796 (octo,
365 2741 450 2798 quom
471 2723 558 2793 disi.)
727 2749 729 2752 ·
851 2771 854 2784 a

342 2805 383 2868 De
395 2808 495 2864 ceteris
513 2807 684 2884 orationibus
693 2813 797 2863 tantum
810 2805 878 2877 dlxi,
900 2810 1028 2878 quantum
1040 2804 1104 2861 huin
1114 2805 1184 2862 loco

222 2925 228 2932 -
252 2890 320 2946 ratis
337 2879 400 2947 e'sse
418 2897 503 2964 puto;
525 2891 609 2947 venio
628 2889 861 2959 abominandas,
883 2888 1078 2962 quasseposui
1097 2903 1184 2946 seor-

251 2990 310 3029 sum
322 2974 584 3033 commemorandas.
610 2969 665 3030 Eas
680 2973 809 3044 Orellius,
833 2969 913 3045 quum
923 2973 976 3028 iam
986 2972 1183 3028 Steinmetzius

251 3056 358 3129 aliquot
381 3058 504 3127 insignes
525 3054 676 3129 scripturas
704 3073 719 3111 e
743 3052 886 3126 codicibus
909 3055 1033 3126 egregiis
1052 3055 1182 3126 'legeru-

253 3140 344 3196 seonsi
377 3146 405 3195 et
433 3139 637 3209 salisburgensi
669 3135 738 3212 (uon
767 3156 821 3210 eo,
855 3139 901 3210 qui
932 3139 960 3194 in
984 3137 1129 3208 Ligariana
1153 3142 1182 3192 et

252 3221 431 3280 Deiotariana
454 3218 682 3302 commemoratus
699 3228 752 3292 est,
775 3222 825 3278 sed
840 3223 896 3277 alio
914 3217 1083 3296 antiquiore)
1107 3237 1181 3292 pro·
1206 3236 1210 3242 ·

173 3379 179 3390 ⁴
251 3307 378 3380 tulisset,
400 3312 473 3363 totas
494 3304 529 3388 ad
550 3306 666 3362 eundem
689 3304 815 3362 codicem
833 3305 1067 3396 tegernseensem
1092 3310 1121 3358 ct
1144 3303 1181 3360 ad

235 3413 237 3416 .
250 3418 481 3458 ..h-‘—

251 3507 260 3532 ¹
276 3501 381 3549 Klotzlus
400 3503 492 3548 codices
513 3501 568 3554 (nnn
587 3506 666 3550 tomen
681 3503 783 3554 Etiam.)
803 3501 942 3559 simpliciter
956 3504 1052 3545 secutam
1067 3499 1101 3544 eie
1115 3501 1177 3544 seri·

198 3576 203 3586 ι
277 3559 335 3616 pelte
351 3561 400 3602 Cur
411 3565 495 3602 tamea
509 3558 533 3600 ei
546 3558 637 3610 (voluit,
647 3559 744 3614 opinor:
760 3561 808 3601 cur
822 3563 914 3607 tamea,
926 3557 958 3608 el)
967 3557 1089 3598 metabor
1100 3557 1177 3597 etiam

267 3611 342 3656 'anan
360 3613 431 3664 Milo,
446 3625 494 3655 non
506 3613 555 3654 tom
568 3611 614 3655 boe
625 3613 770 3656 Clodianum
782 3613 875 3653 crimen
885 3611 1007 3660 timemus,
1021 3610 1066 3652 ced
1075 3630 1101 3641 -
1116 3621 1176 3662 per·

273 3666 459 3714 borreeetmust·
485 3666 512 3708 la
526 3678 572 3722 que
585 3666 702 3732 scriptura
715 3670 740 3708 ut
754 3669 836 3708 uetera
849 3663 1039 3719 pratariolam,
1060 3673 1176 3718 perverse

272 3725 298 3768 et
312 3719 409 3764 ridicule
423 3721 507 3765 (lisera
521 3719 617 3774 querit.
635 3733 677 3762 eur
690 3719 784 3763 taudem
799 3716 905 3776 Pompeii
919 3715 1063 3772 suspiciones
1077 3712 1175 3771 perhor-

273 3777 365 3827 rescat,
385 3773 438 3830 ipse
451 3773 560 3818 nimirum
575 3772 633 3820 nibil
648 3785 701 3818 mse
716 3772 804 3825 dicens.
818 3783 861 3816 narr
875 3768 917 3814 has
931 3768 1066 3825 tragoedis·
1080 3769 1176 3821 excitet.
