2490 4316
215 149 218 154 ’
287 187 341 240 m
637 167 875 244 'onsrro

239 385 245 392 ·
285 351 451 440 exposeof
491 297 605 433 Nolite,
625 352 653 420 si
674 353 832 418 innostro
854 329 994 418 omnium*
1008 351 1085 420 fletu
1099 351 1201 431 ¹nullan

285 439 440 506 lacrimam
462 439 643 521 adspexistis
664 437 796 517 Milonis,
816 438 844 500 si
866 437 980 502 vultum
1000 457 1125 521 semper
1139 457 1202 501 eun·

167 593 172 610 ,
285 523 365 600 dom,
388 524 417 588 si
438 541 555 600 vonam,
577 521 605 584 si
628 522 796 586 orationem
817 521 955 584 stabilem
977 539 1014 584 ae
1032 541 1098 585 non
1119 527 1202 585 mota·

223 667 227 678 ,
283 611 345 670 tam
364 607 495 684 videtis,
522 604 582 668 lroe
603 606 701 668 minus
724 605 755 667 ei
775 605 911 686 par'oere.
957 604 1047 668 llaud
1069 607 1154 684 seio,
1174 621 1202 666 an

284 690 380 753 multo
412 690 502 752 etiam
532 689 571 752 sit
598 687 782 752 adiuvandus
812 689 918 771 magis.
976 688 1100 751 Etenim
1131 689 1157 752 si
1178 689 1201 750 ir

283 772 474 856 gladiatoriis
506 771 619 854 pugnis
655 777 687 834 et
717 771 749 834 in
777 771 870 834 infimi
901 771 1028 854 generis
1060 771 1202 835 hominm

284 854 699 937 oondioioneatqoefortooa
723 854 842 918 timidos
862 856 970 936 atque¹
995 854 1201 938 suppliceset,

283 944 319 1002 ut
339 940 443 1002 vivers
466 938 574 1016 liceat,
613 939 808 1002 obsecrantes
830 940 920 1002 etiam
940 938 1045 1002 odisse
1069 939 1202 1016 solemn,

282 1020 379 1085 fortes
401 1029 432 1085 et
451 1023 603 1085 animosos
626 1027 657 1084 et
676 1039 712 1084 se
733 1023 844 1084 eeritm
865 1023 950 1104 ipsos
964 1022 1055 1084 morti
1077 1021 1201 1084 offeren-

282 1109 329 1168 tes
351 1122 476 1169 servare
497 1106 650 1186 cupimus,
685 1121 851 1188 eorumque
874 1123 932 1168 nos
956 1107 1055 1187 magis
1080 1107 1202 1176 miseret,

261 1257 268 1266 ,
328 1188 338 1252 i
355 1195 489 1252 nostram
512 1187 751 1252 misericordiam
771 1207 834 1252 noo
855 1188 1025 1270 requirnnt,
1049 1207 1141 1270 quam
1162 1188 1201 1270 oni

283 1270 364 1334 ilem
392 1271 575 1355 efflagitant,
618 1277 729 1353 quanto
759 1272 817 1334 hoo
846 1273 944 1356 magis
972 1273 1005 1336 in
1036 1271 1200 1336 fortissimis

236 1355 399 1419 annisibus
420 1355 524 1418 faeere
546 1354 718 1419 debemus?
757 1353 806 1418 lle
829 1356 961 1438 quidem,
982 1355 1113 1435 indices,
1135 1373 1201 1418 era-

282 1439 396 1502 nimant
419 1444 450 1502 et
473 1439 647 1502 interimunt
670 1437 717 1502 he
738 1455 832 1501 voces
850 1439 990 1517 Milonis,
1019 1458 1099 1521 ques
1120 1439 1200 1502 audio

283 1521 405 1587 assidue
430 1527 460 1586 et
483 1523 591 1604 quibus
615 1522 761 1585 intersum
783 1523 926 1603 quotidie.
974 1521 1134 1600 '’Valeant,
1159 1523 1199 1586 in-

283 1607 358 1689 quit,
379 1606 498 1669 ualeant
519 1607 602 1669 aives
624 1606 722 1681 mei²;
744 1606 804 1668 sint
820 1606 998 1685 incolumes,
1018 1607 1080 1668 sint
1093 1605 1200 1668 floreo-

61 1749 65 1764 ,
282 1695 341 1768 tes,
363 1691 424 1753 sint
445 1690 545 1766 beati;
568 1694 627 1752 stet
645 1689 711 1751 lraeo
733 1689 807 1753 urbs
827 1689 973 1771 preclara
995 1689 1129 1772 mihique
1150 1707 1200 1771 pa-

147 1839 153 1850 ,
282 1774 341 1836 tria
365 1773 540 1852 carissimo,
584 1786 708 1854 quoquo
739 1771 830 1834 modo
861 1773 920 1835 erit
949 1773 1057 1836 merita
1082 1774 1121 1835 de
1143 1788 1199 1845 me;

281 1856 442 1938 tranquilla
464 1873 500 1918 re
516 1855 639 1938 publiea
660 1855 719 1918 mei
743 1854 852 1918 oiues⁸
870 1856 1028 1937 (quoniam
1049 1856 1125 1920 milri
1141 1872 1199 1918 oon

281 1938 343 2004 illis
370 1957 432 2003 non
456 1939 537 2020 licet)
561 1939 629 2002 sine
655 1956 705 2002 mo
725 1939 806 2021 ipsi,
844 1939 900 2002 sed
930 1957 987 2022 per
1016 1957 1066 2002 me
1099 1945 1199 2015 umen,

220 2032 222 2036 ’
279 2022 490 2107 perfruantur3
523 2039 583 2106 ego
606 2023 710 2086 cedam
733 2029 821 2102 atque
842 2022 952 2099 obib03
989 2023 1016 2087 si
1032 2023 1107 2086 mihi
1127 2023 1198 2086 boot
1225 2052 1226 2102 p

279 2123 316 2170 re
336 2106 482 2189 publioa⁴
513 2104 574 2170 frui
595 2123 657 2170 non
678 2105 814 2186 licuerit,
851 2111 882 2170 et
903 2106 1015 2169 earebo
1039 2107 1137 2185 mala,
1173 2108 1198 2166 ot

280 2207 369 2272 quam
401 2189 528 2271 primam
560 2190 692 2273 tetigero
724 2191 804 2252 bene
840 2195 986 2252 moratam
1021 2196 1052 2252 et
1081 2191 1197 2253 liberam

232 2273 448 2352 uicinitatem,
485 2273 517 2337 in
547 2291 584 2336 aa
615 2273 838 2355 conquiescam.
884 2271 1063 2353 Ofrostre,
1101 2271 1197 2355 inquit,

278 2358 340 2423 mei
358 2357 518 2439 suseepti⁶
542 2355 682 2420 laboresl
706 2374 816 2439 ospes
836 2354 976 2420 fallaces!
999 2374 1018 2420 o
1041 2357 1197 2440 cogitatio-

278 2457 335 2506 nes
357 2441 463 2504 inanes
485 2439 577 2505 meet
619 2440 707 2524 Ego,
739 2458 831 2522 quum
860 2439 999 2504 tribunus
1017 2440 1140 2524 plebis,
1168 2454 1197 2501 ro

277 2524 400 2608 publiea
423 2541 589 2607 oppressa,
623 2541 672 2586 me
695 2523 813 2587 senatui
834 2523 1004 2604 dedissem,
1034 2542 1126 2607 quem
1147 2540 1196 2586 er·
1224 2513 1225 2535 ¹

280 2609 421 2672 stinctum
445 2625 632 2690 aooeperam,
655 2606 806 2688 equitibus
827 2606 980 2686 Romanis,
1005 2625 1135 2690 quorum
1154 2605 1196 2668 ui-

278 2708 331 2756 res
347 2697 432 2753 erent
455 2690 582 2771 debiles,
601 2690 690 2754 bonis
713 2691 799 2768 viris,
823 2691 875 2773 qui
899 2708 1018 2754 omnem
1041 2691 1195 2754 auotorita-

276 2779 340 2838 sem
365 2773 520 2838 Clodianis
544 2775 635 2837 armis
651 2774 833 2853 abieoerant,
851 2774 924 2837 milri
944 2791 1087 2857 umquam
1104 2774 1196 2837 bono-

277 2875 345 2922 rum
366 2857 539 2941 presidium
563 2857 732 2921 defuturum
756 2857 916 2941 putarem?
961 2875 1033 2941 ego,
1061 2859 1194 2939 quomis

281 2941 412 3022 (meeum
431 2941 511 3004 enim
527 2942 695 3024 saepissimo
709 2941 853 3023 loquitur)
873 2942 979 3024 patria
993 2940 1194 3014 reddidissem
1223 2929 1224 2961 ¹

280 3024 355 3088 mihi
378 3031 513 3105 putarem
537 3026 567 3088 in
599 3026 697 3108 patria
727 3043 788 3088 non
819 3024 950 3088 futurum
980 3025 1109 3088 locum?
1148 3019 1194 3084 toi

277 3124 359 3171 nuno
379 3114 500 3172 senatos
523 3115 587 3186 est,
615 3126 704 3190 quem
727 3109 823 3173 secuti
841 3109 971 3172 sumus?
1015 3108 1067 3171 ubi
1089 3108 1195 3190 equites

275 3191 404 3256 Romani
425 3190 479 3270 illi,
501 3192 556 3269 illi,
581 3192 687 3274 inquil,
709 3191 778 3256 tui?
820 3191 873 3255 ubi
895 3191 993 3256 studia
1018 3191 1193 3273 municipio-

273 3276 368 3340 rum?
414 3275 466 3339 ubi
494 3275 584 3338 ltaliae
614 3276 730 3340 voces?
772 3275 824 3340 ubi
846 3274 977 3357 denique
1000 3279 1052 3337 tua
1077 3269 1191 3352 illati
1222 3323 1223 3350 ,

274 3359 363 3437 Tulli,
386 3376 452 3440 que
470 3359 609 3440 plurimis
630 3358 687 3422 fuit
703 3359 827 3438 auxilio,
842 3376 910 3421 ‘vox
928 3365 1018 3441 atque
1036 3353 1191 3421 defensio?
1222 3377 1223 3388 ¹

206 3474 213 3489 =
274 3442 388 3506 mihine
411 3460 449 3506 ea
475 3443 552 3522 soli,
587 3443 641 3526 qui
668 3460 725 3527 pro
749 3447 779 3506 te
799 3443 891 3506 toties
911 3443 1002 3506 morti
1024 3459 1073 3506 me
1094 3437 1190 3514 obtuli,

311 3647 322 3680 ¹
344 3646 467 3718 Palimpr.
493 3650 518 3702 l'.
536 3675 572 3714 η·-
590 3657 624 3703 ot.
678 3651 692 3686 ¹
710 3652 827 3718 Valeant,
853 3649 967 3716 valeant,
984 3650 1067 3719 inqu,
1085 3650 1133 3703 civ.
1151 3662 1186 3708 m,

309 3718 420 3772 valeant.
500 3714 593 3772 ’Μ
622 3721 647 3773 f.
670 3747 705 3760 --
731 3725 781 3775 civ.
808 3723 870 3775 mei.
925 3717 1019 3774 ‘Pau
1046 3718 1124 3774 l'.···
1141 3731 1187 3783 tto·

309 3784 388 3840 bona
443 3786 454 3818 ⁸
474 3787 517 3852 E,
538 3791 626 3854 Qudne.
646 3792 687 3858 til,
709 3796 733 3859 1,
751 3795 786 3844 27
803 3816 836 3830 -
856 3794 972 3859 suseepti
989 3792 1049 3844 mei.
