2468 4318
291 234 343 286 1ss
618 233 871 291 -onntto

289 403 412 488 scripta,
435 405 492 470 scd
514 412 582 470 nata
606 407 668 486 lex,
699 424 789 490 quam
813 422 876 468 non
899 403 1068 490 didicimus,
1090 414 1193 494 accepi-

289 510 376 570 mus,
405 491 553 576 legimus,
583 509 688 554 verum
718 509 758 553 ex
787 497 895 552 natura
925 492 990 571 ipsa
1021 496 1193 577 arripuimus,

64 641 76 657 ,,
288 577 453 651 hausimus,
475 576 690 657 expressimus,
709 575 747 638 ad
764 591 853 656 quam
870 590 931 636 non
949 572 1040 655 docti,
1061 579 1116 642 sed
1129 578 1193 655 laeti,

190 669 195 678 '
288 678 350 726 non
372 659 517 736 instituti,
540 658 596 721 sed
618 659 723 722 imbuti
746 675 869 734 sumus,
896 663 947 736 ut,
980 661 1007 723 si
1028 662 1193 725 manustra

287 746 321 809 in
345 744 461 824 aliquas
483 742 618 819 insidias,
645 744 671 805 si
695 745 726 824 in
747 742 807 804 vim
831 741 882 803 et¹
907 741 939 804 iu
960 745 1022 808 tela
1042 751 1093 808 aut
1115 745 1193 807 latro-

287 847 359 892 num
382 833 432 888 aut
452 826 640 889 inimicorum
660 825 827 901 incidisset,
861 825 958 888 omnis
983 827 1113 891 honesta
1133 829 1193 892 ratio

172 967 176 976 ,
289 917 372 975 esset
394 908 590 992 expediendae
615 909 729 972 salutis.
781 907 878 972 Silent
907 910 986 972 enim
1018 912 1106 995 leges
1133 913 1194 974 inter

289 1012 372 1058 arma
401 1010 458 1056 nec
480 1010 516 1056 se
538 994 708 1074 exspectari
730 992 852 1069 iubent,
886 1009 977 1072 quum
999 995 1047 1073 ei,
1082 997 1132 1078 qui
1149 1013 1193 1056 en-

288 1083 428 1161 spectare
451 1075 535 1152 velit,
568 1084 638 1138 ante
659 1077 769 1152 iniusta
791 1092 891 1156 poena
912 1076 1022 1140 luenda
1055 1079 1096 1140 sit
1124 1096 1193 1160 qmn

244 1164 276 1212 11
290 1161 371 1225 iusta
385 1159 559 1244 repeteqda.
601 1159 664 1222 Etsi
686 1160 897 1242 persapienter
921 1165 951 1221 et
972 1162 1104 1242 quodam
1122 1161 1193 1223 modo

287 1247 378 1309 tacite
401 1245 450 1306 dat
472 1244 537 1323 ipsa
558 1241 610 1304 lex
629 1249 807 1324 potestatem
829 1241 1029 1321 defendendi,
1063 1261 1129 1327 que
1147 1261 1193 1306 nou

287 1328 440 1392 bominem
460 1325 574 1403 occidi,
613 1326 669 1388 sed
697 1343 768 1388 esse
797 1344 866 1388 curn
889 1325 951 1388 telo
972 1327 1105 1392 hominis
1125 1327 1193 1390 occi-

287 1411 378 1474 dendi
402 1427 493 1472 causa
515 1416 603 1488 vetat,
624 1415 666 1486 ut,
692 1426 783 1491 quum
806 1426 907 1486 causa,
928 1426 990 1472 non
1008 1410 1103 1475 telum
1125 1427 1192 1492 que»

193 1495 200 1512 “
286 1500 424 1570 reretur,
459 1493 511 1575 qui
540 1494 588 1556 sui
605 1491 798 1555 defendendi
823 1509 914 1555 causa
938 1493 1000 1556 telo
1024 1501 1109 1558 esset
1126 1509 1192 1566 usus,

282 1593 348 1641 non
378 1578 507 1640 hominis
537 1576 695 1639 occidendi
724 1593 816 1642 caruca
849 1575 991 1640 habuisse
1012 1577 1108 1640 telum
1128 1576 1192 1640 iudi-

285 1667 413 1726 caretur.
460 1659 651 1742 Quapropter
670 1659 730 1720 hoc
751 1665 870 1722 maneat
890 1660 922 1725 in
944 1678 1044 1737 causa,
1077 1661 1191 1732 iudicem

285 1763 348 1807 non
369 1745 449 1805 enim
470 1745 586 1820 dubito,
612 1743 685 1824 quin
706 1743 888 1823 probaturus
910 1744 966 1806 sim
989 1743 1078 1806 vobis
1101 1742 1190 1806 delen-

285 1829 403 1892 sionem
424 1843 531 1902 meam,
555 1827 581 1888 si
605 1825 636 1888 id
656 1826 862 1902 memineritis,
886 1827 967 1907 quod
989 1827 1191 1892 obliviscinon

285 1912 429 1994 potestiS,
463 1909 669 1972 insidiatorem
688 1908 817 1971 interfici
839 1909 930 1970 iure·2
952 1927 1054 1992 posse.

148 1981 175 2046 ‘s
198 1977 275 2052 512
377 1992 518 2075 Sequitur
541 1992 631 2069 illud,
666 1993 746 2073 quod
768 2011 786 2054 a
808 1992 930 2056 Milonis
950 1993 1081 2056 inimicis
1100 1991 1190 2074 saepis-

285 2078 362 2142 sime
382 2077 499 2153 dicitur,
521 2076 643 2152 caedem,
674 2077 705 2138 in
728 2094 787 2157 qua
806 2076 838 2138 P.
861 2071 986 2140 Clodiu's
1008 2078 1128 2140 occisus
1148 2079 1191 2146 est,

162 2217 167 2229 .
285 2166 420 2225 senatum
442 2161 602 2236 iudicasse,
624 2166 728 2222 contra
751 2177 815 2224 rem
834 2159 986 2240 publicam
1003 2177 1074 2222 esse
1091 2160 1189 2222 lactan,

286 2243 371 2340 lllpm
392 2261 465 2305 vero
487 2250 610 2306 senatus
633 2260 694 2305 non
720 2244 881 2322 ,sententiis
911 2244 975 2307 suis
1004 2244 1121 2322 solum,
1149 2238 1190 2303 scd

285 2334 374 2389 ettam
404 2327 511 2390 studiis
538 2326 756 2408 comprobavit.
814 2325 941 2400 Quoties
971 2327 1052 2389 enim
1083 2332 1127 2390 est
1142 2324 1189 2385 -illr

284 2429 376 2474 causa
399 2429 416 2473 a
436 2412 524 2474 nobis
546 2417 612 2472 acta
634 2410 663 2472 in
686 2409 818 2472 senatur?
850 2410 959 2490 quibus
981 2409 1190 2474 assensionibus

284 2496 418 2559 universi
449 2493 589 2557 ordinis?
634 2511 723 2573 quam
749 2511 807 2554 nec
838 2493 936 2556 tacitis
964 2509 1022 2556 nec
1036 2487 1188 2556 ,occultisl

285 2578 412 2652 Quando
446 2580 525 2640 enim
558 2576 804 2657 frequentissimo
844 2581 952 2640 senatu
983 2583 1123 2657 quattuor
1151 2575 1189 2634 aul

283 2681 430 2726 summum
452 2663 584 2742 quinque
606 2666 674 2722 suut
698 2659 830 2736 inuenti,
864 2661 916 2740 qui
942 2659 1063 2722 Milonis
1085 2671 1188 2722 causam

282 2762 345 2808 non
375 2745 563 2827 probarent?
616 2743 776 2806 Declarant
810 2742 899 2805 huius
931 2743 1059 2806 ambusti
1093 2736 1188 2804 tribuni

281 2827 380 2910 plebis
410 2828 469 2890 illae
490 2828 693 2889 intermortuae
717 2825 896 2903 contiones,
933 2826 1041 2908 quibus
1071 2822 1187 2907 quotidie

281 2929 377 2975 meam
395 2911 558 2993 potentiam
578 2910 728 2972 invidiose
750 2908 973 2987 criminabatur,
1003 2927 1094 2990 quum
1115 2908 1187 2970 dicc-

281 2999 337 3072 ret,
358 3001 493 3057 senatum
515 3012 576 3056 non
600 2993 681 3073 quod
705 2992 842 3070 sentiret,
871 2993 926 3056 sed
949 2993 1030 3074 quod
1052 3009 1111 3076 ego
1131 2987 1187 3052 uel-

220 3085 227 3094 “
279 3078 352 3155 lem,
374 3077 549 3140 decernere.
591 3076 665 3149 Qum
690 3075 812 3158 quidem
834 3076 860 3139 si
881 3075 1014 3157 potentia
1033 3083 1079 3138 est
1095 3070 1187 3156 appel-

280 3161 369 3224 landa
390 3162 489 3242 potius
514 3179 602 3241 quam
624 3164 816 3241 eutproptor
835 3159 993 3242 magnoin
1012 3177 1078 3220 rem
1098 3153 1185 3240 publi-

280 3263 346 3308 cmn
367 3245 473 3306 merita
494 3243 659 3320 mediocris
675 3244 706 3305 in
728 3241 818 3304 bonis
841 3243 941 3306 causis
967 3243 1127 3318 auctoritas
1147 3239 1185 3298 aul

300 3334 404 3411 roptcr
435 3327 492 3388 hos
520 3325 675 3389 olsrcicscs
702 3325 830 3388 ‘labores
851 3343 937 3388 meos
957 3324 1100 3389 nonnulla
1121 3315 1184 3402 apud

279 3347 378 3474 Bonos
403 3411 510 3494 gratia,
538 3409 708 3491 appelletur
727 3410 768 3470 ita
791 3426 875 3486 sane,
900 3407 1062 3472 dummodo
1086 3425 1119 3470 ca
1138 3417 1183 3464 nos

278 3501 396 3557 ummur
418 3511 475 3575 pro
497 3494 593 3558 salute
613 3493 763 3554 bonorum
783 3499 890 3554 contra
914 3493 1074 3555 amentiam
1092 3485 1182 3571 perdi-

115 3627 119 3633 >
232 3581 386 3646 1³ibrum.
427 3576 510 3642 llanc
528 3593 604 3640 uero
627 3577 834 3656 questionem,
864 3576 920 3638 etsi
937 3592 1000 3646 non
1020 3581 1067 3637 est
1087 3573 1181 3651 iniquo

277 3674 438 3741 numquam
451 3668 549 3726 tamen
565 3666 687 3724 senatus
699 3659 941 3722 constituendam
954 3659 1077 3756 putauit
1105 3654 1181 3719 trau

316 3797 892 3896 'dmum2Essmmm
