<?xml version="1.0" encoding="UTF-8"?>
<!DOCTYPE html PUBLIC "-//W3C//DTD XHTML 1.0 Transitional//EN"
    "http://www.w3.org/TR/xhtml1/DTD/xhtml1-transitional.dtd">
<html xmlns="http://www.w3.org/1999/xhtml" xml:lang="en" lang="en">
 <head>
  <title>
</title>
<meta http-equiv="Content-Type" content="text/html;charset=utf-8" />
  <meta name='ocr-system' content='tesseract 3.04.00' />
  <meta name='ocr-capabilities' content='ocr_page ocr_carea ocr_par ocr_line ocrx_word'/>
</head>
<body>
  <div class='ocr_page' id='page_1' title='image "./orationesselect00madvgoog/orationesselect00madvgoog_0256.png"; bbox 0 0 2490 4316; ppageno 0'>
   <div class='ocr_carea' id='block_1_1' title="bbox 212 211 1004 308">
    <p class='ocr_par' dir='ltr' id='par_1_1' title="bbox 212 211 1004 308">
     <span class='ocr_line' id='line_1_1' title="bbox 212 211 1004 308; baseline 0 -2"><span class='ocrx_word' id='word_1_1' title='bbox 212 250 307 306; x_wconf 87' lang='lat' dir='ltr'><strong>rno</strong></span> <span class='ocrx_word' id='word_1_2' title='bbox 333 249 461 308; x_wconf 82' lang='lat' dir='ltr'><strong>anca</strong></span> <span class='ocrx_word' id='word_1_3' title='bbox 488 233 751 307; x_wconf 82' lang='lat' dir='ltr'><strong>orrornno.</strong></span> <span class='ocrx_word' id='word_1_4' title='bbox 894 211 972 306; x_wconf 76' lang='lat' dir='ltr'><strong>nos</strong></span> <span class='ocrx_word' id='word_1_5' title='bbox 1000 271 1004 284; x_wconf 80' lang='lat'><em>·</em></span> 
     </span>
    </p>
   </div>
   <div class='ocr_carea' id='block_1_2' title="bbox 12 401 1100 3592">
    <p class='ocr_par' dir='ltr' id='par_1_2' title="bbox 12 401 1100 3592">
     <span class='ocr_line' id='line_1_2' title="bbox 12 401 995 505; baseline 0.002 -21"><span class='ocrx_word' id='word_1_6' title='bbox 12 401 14 426; x_wconf 84' lang='lat'>&#39;</span> <span class='ocrx_word' id='word_1_7' title='bbox 46 424 158 488; x_wconf 81' lang='lat' dir='ltr'><strong>lortnoae</strong></span> <span class='ocrx_word' id='word_1_8' title='bbox 186 423 314 505; x_wconf 84' lang='lat' dir='ltr'><strong>quidem.</strong></span> <span class='ocrx_word' id='word_1_9' title='bbox 361 421 516 488; x_wconf 80' lang='lat' dir='ltr'><strong>liubase</strong></span> <span class='ocrx_word' id='word_1_10' title='bbox 545 423 705 500; x_wconf 67' lang='lat' dir='ltr'><strong>arbitratur</strong></span> <span class='ocrx_word' id='word_1_11' title='bbox 731 429 763 484; x_wconf 90' lang='lat' dir='ltr'><strong>et</strong></span> <span class='ocrx_word' id='word_1_12' title='bbox 791 424 995 504; x_wconf 76' lang='lat' dir='ltr'><strong>peperissem</strong></span> 
     </span>
     <span class='ocr_line' id='line_1_3' title="bbox 46 505 950 589; baseline 0.002 -22"><span class='ocrx_word' id='word_1_13' title='bbox 46 513 104 568; x_wconf 91' lang='lat' dir='ltr'><strong>ante</strong></span> <span class='ocrx_word' id='word_1_14' title='bbox 122 506 204 570; x_wconf 91' lang='lat' dir='ltr'><strong>lactis</strong></span> <span class='ocrx_word' id='word_1_15' title='bbox 228 513 260 570; x_wconf 87' lang='lat' dir='ltr'><strong>et</strong></span> <span class='ocrx_word' id='word_1_16' title='bbox 280 506 393 570; x_wconf 87' lang='lat' dir='ltr'><strong>habere</strong></span> <span class='ocrx_word' id='word_1_17' title='bbox 421 508 452 568; x_wconf 94' lang='lat' dir='ltr'><strong>in</strong></span> <span class='ocrx_word' id='word_1_18' title='bbox 482 505 578 568; x_wconf 89' lang='lat' dir='ltr'><strong>animo</strong></span> <span class='ocrx_word' id='word_1_19' title='bbox 606 512 697 589; x_wconf 91' lang='lat' dir='ltr'><strong>atque</strong></span> <span class='ocrx_word' id='word_1_20' title='bbox 725 507 850 584; x_wconf 85' lang='lat' dir='ltr'><strong>virtute,</strong></span> <span class='ocrx_word' id='word_1_21' title='bbox 883 525 950 589; x_wconf 80' lang='lat' dir='ltr'><strong>qnae</strong></span> 
     </span>
     <span class='ocr_line' id='line_1_4' title="bbox 45 589 950 672; baseline -0.002 -20"><span class='ocrx_word' id='word_1_22' title='bbox 45 590 116 654; x_wconf 90' lang='lat' dir='ltr'><strong>nollo</strong></span> <span class='ocrx_word' id='word_1_23' title='bbox 136 589 341 672; x_wconf 57' lang='lat' dir='ltr'><strong>nodosspossit</strong></span> <span class='ocrx_word' id='word_1_24' title='bbox 361 589 505 652; x_wconf 90' lang='lat' dir='ltr'><strong>amittere.</strong></span> <span class='ocrx_word' id='word_1_25' title='bbox 545 589 619 662; x_wconf 78' lang='lat' dir='ltr'><strong>Qua</strong></span> <span class='ocrx_word' id='word_1_26' title='bbox 642 589 721 652; x_wconf 90' lang='lat' dir='ltr'><strong>enim</strong></span> <span class='ocrx_word' id='word_1_27' title='bbox 751 589 870 652; x_wconf 82' lang='lat' dir='ltr'><strong>fortuna</strong></span> <span class='ocrx_word' id='word_1_28' title='bbox 901 595 950 652; x_wconf 91' lang='lat' dir='ltr'><strong>aut</strong></span> 
     </span>
     <span class='ocr_line' id='line_1_5' title="bbox 45 673 951 753; baseline -0.001 -18"><span class='ocrx_word' id='word_1_29' title='bbox 45 675 102 752; x_wconf 90' lang='lat' dir='ltr'><strong>quis</strong></span> <span class='ocrx_word' id='word_1_30' title='bbox 124 692 209 736; x_wconf 88' lang='lat' dir='ltr'><strong>casus</strong></span> <span class='ocrx_word' id='word_1_31' title='bbox 234 679 284 738; x_wconf 90' lang='lat' dir='ltr'><strong>aut</strong></span> <span class='ocrx_word' id='word_1_32' title='bbox 305 690 372 753; x_wconf 85' lang='lat' dir='ltr'><strong>quae</strong></span> <span class='ocrx_word' id='word_1_33' title='bbox 391 678 471 734; x_wconf 90' lang='lat' dir='ltr'><strong>tanta</strong></span> <span class='ocrx_word' id='word_1_34' title='bbox 491 674 587 753; x_wconf 92' lang='lat' dir='ltr'><strong>possit</strong></span> <span class='ocrx_word' id='word_1_35' title='bbox 609 673 721 735; x_wconf 90' lang='lat' dir='ltr'><strong>iniuria</strong></span> <span class='ocrx_word' id='word_1_36' title='bbox 743 677 873 736; x_wconf 91' lang='lat' dir='ltr'><strong>omnium</strong></span> <span class='ocrx_word' id='word_1_37' title='bbox 891 674 951 734; x_wconf 90' lang='lat' dir='ltr'><strong>im-</strong></span> 
     </span>
     <span class='ocr_line' id='line_1_6' title="bbox 44 755 951 837; baseline 0.001 -19"><span class='ocrx_word' id='word_1_38' title='bbox 44 761 201 837; x_wconf 89' lang='lat' dir='ltr'><strong>peratorum</strong></span> <span class='ocrx_word' id='word_1_39' title='bbox 222 756 260 820; x_wconf 89' lang='lat' dir='ltr'><strong>de</strong></span> <span class='ocrx_word' id='word_1_40' title='bbox 281 756 423 818; x_wconf 89' lang='lat' dir='ltr'><strong>Deiotaro</strong></span> <span class='ocrx_word' id='word_1_41' title='bbox 446 756 563 819; x_wconf 88' lang='lat' dir='ltr'><strong>decreta</strong></span> <span class='ocrx_word' id='word_1_42' title='bbox 585 755 712 819; x_wconf 79' lang='lat' dir='ltr'><strong>delere?</strong></span> <span class='ocrx_word' id='word_1_43' title='bbox 742 757 789 818; x_wconf 84' lang='lat' dir='ltr'><strong>Ab</strong></span> <span class='ocrx_word' id='word_1_44' title='bbox 813 757 951 820; x_wconf 88' lang='lat' dir='ltr'><strong>omnibus</strong></span> 
     </span>
     <span class='ocr_line' id='line_1_7' title="bbox 44 840 952 921; baseline 0.001 -21"><span class='ocrx_word' id='word_1_45' title='bbox 44 841 113 902; x_wconf 91' lang='lat' dir='ltr'><strong>enim</strong></span> <span class='ocrx_word' id='word_1_46' title='bbox 131 847 174 908; x_wconf 86' lang='lat' dir='ltr'><strong>est</strong></span> <span class='ocrx_word' id='word_1_47' title='bbox 195 845 317 903; x_wconf 90' lang='lat' dir='ltr'><strong>ornatus</strong></span> <span class='ocrx_word' id='word_1_48' title='bbox 330 842 356 917; x_wconf 89' lang='lat'><strong>¹,</strong></span> <span class='ocrx_word' id='word_1_49' title='bbox 382 840 453 921; x_wconf 82' lang='lat' dir='ltr'><strong>qui,</strong></span> <span class='ocrx_word' id='word_1_50' title='bbox 486 845 681 921; x_wconf 78' lang='lat' dir='ltr'><strong>posteaquam</strong></span> <span class='ocrx_word' id='word_1_51' title='bbox 700 841 732 902; x_wconf 96' lang='lat' dir='ltr'><strong>in</strong></span> <span class='ocrx_word' id='word_1_52' title='bbox 755 842 863 904; x_wconf 88' lang='lat' dir='ltr'><strong>eastris</strong></span> <span class='ocrx_word' id='word_1_53' title='bbox 882 857 952 902; x_wconf 89' lang='lat' dir='ltr'><strong>esse</strong></span> 
     </span>
     <span class='ocr_line' id='line_1_8' title="bbox 44 921 987 1005; baseline 0 -21"><span class='ocrx_word' id='word_1_54' title='bbox 44 925 127 1003; x_wconf 91' lang='lat' dir='ltr'><strong>potuit</strong></span> <span class='ocrx_word' id='word_1_55' title='bbox 146 941 201 1005; x_wconf 90' lang='lat' dir='ltr'><strong>per</strong></span> <span class='ocrx_word' id='word_1_56' title='bbox 220 929 348 1000; x_wconf 80' lang='lat' dir='ltr'><strong>aetatem,</strong></span> <span class='ocrx_word' id='word_1_57' title='bbox 371 923 402 984; x_wconf 96' lang='lat' dir='ltr'><strong>in</strong></span> <span class='ocrx_word' id='word_1_58' title='bbox 420 921 505 1001; x_wconf 78' lang='lat' dir='ltr'><strong>Asia,</strong></span> <span class='ocrx_word' id='word_1_59' title='bbox 527 921 727 1003; x_wconf 80' lang='lat' dir='ltr'>Cappadocia,</span> <span class='ocrx_word' id='word_1_60' title='bbox 749 924 855 1005; x_wconf 71' lang='lat' dir='ltr'><strong>llonto,</strong></span> <span class='ocrx_word' id='word_1_61' title='bbox 875 923 952 985; x_wconf 83' lang='lat' dir='ltr'><strong>Cili·</strong></span> <span class='ocrx_word' id='word_1_62' title='bbox 983 995 987 999; x_wconf 23' lang='lat'>¹</span> 
     </span>
     <span class='ocr_line' id='line_1_9' title="bbox 44 1000 1065 1092; baseline 0.001 -26"><span class='ocrx_word' id='word_1_63' title='bbox 44 1007 93 1084; x_wconf 88' lang='lat' dir='ltr'><strong>eia,</strong></span> <span class='ocrx_word' id='word_1_64' title='bbox 119 1005 202 1089; x_wconf 79' lang='lat' dir='ltr'><strong>Syria</strong></span> <span class='ocrx_word' id='word_1_65' title='bbox 225 1007 306 1071; x_wconf 89' lang='lat' dir='ltr'><strong>bella</strong></span> <span class='ocrx_word' id='word_1_66' title='bbox 330 1012 498 1088; x_wconf 85' lang='lat' dir='ltr'><strong>gesserunt.</strong></span> <span class='ocrx_word' id='word_1_67' title='bbox 538 1006 664 1071; x_wconf 88' lang='lat' dir='ltr'><strong>Senatus</strong></span> <span class='ocrx_word' id='word_1_68' title='bbox 686 1025 759 1090; x_wconf 88' lang='lat' dir='ltr'><strong>vero</strong></span> <span class='ocrx_word' id='word_1_69' title='bbox 782 1007 893 1070; x_wconf 85' lang='lat' dir='ltr'><strong>iudicia</strong></span> <span class='ocrx_word' id='word_1_70' title='bbox 915 1000 953 1068; x_wconf 85' lang='lat' dir='ltr'><strong>de</strong></span> <span class='ocrx_word' id='word_1_71' title='bbox 1056 1079 1065 1092; x_wconf 73' lang='lat'><em>,</em></span> 
     </span>
     <span class='ocr_line' id='line_1_10' title="bbox 45 1088 953 1175; baseline 0.003 -26"><span class='ocrx_word' id='word_1_72' title='bbox 45 1089 89 1151; x_wconf 90' lang='lat' dir='ltr'><strong>illo</strong></span> <span class='ocrx_word' id='word_1_73' title='bbox 110 1096 166 1152; x_wconf 87' lang='lat' dir='ltr'><strong>tam</strong></span> <span class='ocrx_word' id='word_1_74' title='bbox 187 1090 278 1157; x_wconf 88' lang='lat' dir='ltr'><strong>multa</strong></span> <span class='ocrx_word' id='word_1_75' title='bbox 292 1096 412 1172; x_wconf 87' lang='lat' dir='ltr'><strong>tamque</strong></span> <span class='ocrx_word' id='word_1_76' title='bbox 430 1088 603 1167; x_wconf 85' lang='lat' dir='ltr'><strong>bonorilica,</strong></span> <span class='ocrx_word' id='word_1_77' title='bbox 624 1107 691 1170; x_wconf 80' lang='lat' dir='ltr'><strong>quae</strong></span> <span class='ocrx_word' id='word_1_78' title='bbox 704 1090 832 1172; x_wconf 92' lang='lat' dir='ltr'><strong>publicis</strong></span> <span class='ocrx_word' id='word_1_79' title='bbox 849 1090 953 1175; x_wconf 90' lang='lat' dir='ltr'><strong>populi</strong></span> 
     </span>
     <span class='ocr_line' id='line_1_11' title="bbox 43 1171 954 1256; baseline 0.001 -22"><span class='ocrx_word' id='word_1_80' title='bbox 43 1171 156 1237; x_wconf 82' lang='lat' dir='ltr'><strong>llomaoi</strong></span> <span class='ocrx_word' id='word_1_81' title='bbox 176 1175 283 1237; x_wconf 90' lang='lat' dir='ltr'><strong>litteris</strong></span> <span class='ocrx_word' id='word_1_82' title='bbox 306 1173 563 1254; x_wconf 79' lang='lat' dir='ltr'><strong>monumentisque</strong></span> <span class='ocrx_word' id='word_1_83' title='bbox 584 1175 762 1256; x_wconf 82' lang='lat' dir='ltr'><strong>consignata</strong></span> <span class='ocrx_word' id='word_1_84' title='bbox 783 1181 863 1251; x_wconf 90' lang='lat' dir='ltr'><strong>sunt,</strong></span> <span class='ocrx_word' id='word_1_85' title='bbox 887 1190 954 1254; x_wconf 77' lang='lat' dir='ltr'><strong>que</strong></span> 
     </span>
     <span class='ocr_line' id='line_1_12' title="bbox 44 1256 954 1337; baseline 0 -19"><span class='ocrx_word' id='word_1_86' title='bbox 44 1270 168 1337; x_wconf 88' lang='lat' dir='ltr'><strong>umquam</strong></span> <span class='ocrx_word' id='word_1_87' title='bbox 191 1262 324 1320; x_wconf 86' lang='lat' dir='ltr'><strong>vetustas</strong></span> <span class='ocrx_word' id='word_1_88' title='bbox 347 1256 455 1318; x_wconf 90' lang='lat' dir='ltr'><strong>obruet</strong></span> <span class='ocrx_word' id='word_1_89' title='bbox 476 1263 524 1320; x_wconf 90' lang='lat' dir='ltr'><strong>ant</strong></span> <span class='ocrx_word' id='word_1_90' title='bbox 546 1274 612 1337; x_wconf 75' lang='lat' dir='ltr'><strong>quoe</strong></span> <span class='ocrx_word' id='word_1_91' title='bbox 634 1263 714 1320; x_wconf 89' lang='lat' dir='ltr'><strong>tanta</strong></span> <span class='ocrx_word' id='word_1_92' title='bbox 736 1257 848 1320; x_wconf 90' lang='lat' dir='ltr'><strong>delebit</strong></span> <span class='ocrx_word' id='word_1_93' title='bbox 872 1257 954 1331; x_wconf 86' lang='lat' dir='ltr'><strong>obli-</strong></span> 
     </span>
     <span class='ocr_line' id='line_1_13' title="bbox 45 1339 1097 1422; baseline 0.001 -22"><span class='ocrx_word' id='word_1_94' title='bbox 45 1340 108 1401; x_wconf 82' lang='lat' dir='ltr'><strong>vio?</strong></span> <span class='ocrx_word' id='word_1_95' title='bbox 150 1341 227 1414; x_wconf 83' lang='lat' dir='ltr'><strong>Quid</strong></span> <span class='ocrx_word' id='word_1_96' title='bbox 250 1341 290 1403; x_wconf 91' lang='lat' dir='ltr'><strong>de</strong></span> <span class='ocrx_word' id='word_1_97' title='bbox 313 1339 421 1402; x_wconf 85' lang='lat' dir='ltr'><strong>virtute</strong></span> <span class='ocrx_word' id='word_1_98' title='bbox 444 1340 508 1402; x_wconf 88' lang='lat' dir='ltr'><strong>eius</strong></span> <span class='ocrx_word' id='word_1_99' title='bbox 533 1340 674 1402; x_wconf 83' lang='lat' dir='ltr'><strong>dicam&#39;l‘</strong></span> <span class='ocrx_word' id='word_1_100' title='bbox 704 1340 769 1403; x_wconf 71' lang='lat' dir='ltr'><strong>tet</strong></span> <span class='ocrx_word' id='word_1_101' title='bbox 801 1341 954 1422; x_wconf 80' lang='lat' dir='ltr'><strong>magnitu-</strong></span> <span class='ocrx_word' id='word_1_102' title='bbox 1071 1375 1097 1416; x_wconf 56' lang='grc' dir='ltr'><strong>μ</strong></span> 
     </span>
     <span class='ocr_line' id='line_1_14' title="bbox 46 1423 954 1507; baseline 0 -23"><span class='ocrx_word' id='word_1_103' title='bbox 46 1423 105 1484; x_wconf 87' lang='lat' dir='ltr'><strong>dine</strong></span> <span class='ocrx_word' id='word_1_104' title='bbox 124 1425 222 1502; x_wconf 88' lang='lat' dir='ltr'><strong>animi,</strong></span> <span class='ocrx_word' id='word_1_105' title='bbox 244 1423 413 1507; x_wconf 83' lang='lat' dir='ltr'><strong>gravitate‚&#39;</strong></span> <span class='ocrx_word' id='word_1_106' title='bbox 434 1423 622 1486; x_wconf 78' lang='lat' dir='ltr'><strong>constantia?</strong></span> <span class='ocrx_word' id='word_1_107' title='bbox 658 1442 724 1504; x_wconf 86' lang='lat' dir='ltr'><strong>quae</strong></span> <span class='ocrx_word' id='word_1_108' title='bbox 745 1441 850 1486; x_wconf 90' lang='lat' dir='ltr'><strong>omnes</strong></span> <span class='ocrx_word' id='word_1_109' title='bbox 872 1423 954 1500; x_wconf 89' lang='lat' dir='ltr'><strong>docti</strong></span> 
     </span>
     <span class='ocr_line' id='line_1_15' title="bbox 45 1501 955 1590; baseline 0.001 -24"><span class='ocrx_word' id='word_1_110' title='bbox 45 1511 121 1589; x_wconf 88' lang='lat' dir='ltr'><strong>atque</strong></span> <span class='ocrx_word' id='word_1_111' title='bbox 141 1509 295 1590; x_wconf 90' lang='lat' dir='ltr'><strong>sapientes</strong></span> <span class='ocrx_word' id='word_1_112' title='bbox 315 1523 440 1584; x_wconf 89' lang='lat' dir='ltr'><strong>summa,</strong></span> <span class='ocrx_word' id='word_1_113' title='bbox 462 1507 580 1588; x_wconf 87' lang='lat' dir='ltr'><strong>quidam</strong></span> <span class='ocrx_word' id='word_1_114' title='bbox 602 1507 691 1578; x_wconf 86' lang='lat' dir='ltr'><strong>etiam</strong></span> <span class='ocrx_word' id='word_1_115' title='bbox 708 1508 776 1570; x_wconf 89' lang='lat' dir='ltr'><strong>sola</strong></span> <span class='ocrx_word' id='word_1_116' title='bbox 788 1508 868 1570; x_wconf 91' lang='lat' dir='ltr'><strong>bona</strong></span> <span class='ocrx_word' id='word_1_117' title='bbox 885 1501 955 1568; x_wconf 83' lang='lat' dir='ltr'><strong>esse</strong></span> 
     </span>
     <span class='ocr_line' id='line_1_16' title="bbox 46 1588 954 1672; baseline 0.002 -22"><span class='ocrx_word' id='word_1_118' title='bbox 46 1589 187 1669; x_wconf 81' lang='lat' dir='ltr'><strong>dixerunt,</strong></span> <span class='ocrx_word' id='word_1_119' title='bbox 219 1592 331 1672; x_wconf 81' lang='lat' dir='ltr'><strong>hisque</strong></span> <span class='ocrx_word' id='word_1_120' title='bbox 352 1607 414 1660; x_wconf 90' lang='lat' dir='ltr'><strong>non</strong></span> <span class='ocrx_word' id='word_1_121' title='bbox 433 1590 522 1652; x_wconf 83' lang='lat' dir='ltr'><strong>molo</strong></span> <span class='ocrx_word' id='word_1_122' title='bbox 544 1589 581 1652; x_wconf 93' lang='lat' dir='ltr'><strong>ad</strong></span> <span class='ocrx_word' id='word_1_123' title='bbox 602 1589 698 1665; x_wconf 88' lang='lat' dir='ltr'><strong>bene,</strong></span> <span class='ocrx_word' id='word_1_124' title='bbox 730 1590 785 1652; x_wconf 89' lang='lat' dir='ltr'><strong>sed</strong></span> <span class='ocrx_word' id='word_1_125' title='bbox 807 1588 954 1652; x_wconf 86' lang='lat' dir='ltr'><strong>etiamad</strong></span> 
     </span>
     <span class='ocr_line' id='line_1_17' title="bbox 45 1671 1004 1741; baseline -0.002 -7"><span class='ocrx_word' id='word_1_126' title='bbox 45 1672 121 1736; x_wconf 89' lang='lat' dir='ltr'><strong>beate</strong></span> <span class='ocrx_word' id='word_1_127' title='bbox 142 1673 302 1738; x_wconf 83' lang='lat' dir='ltr'><strong>vivendum</strong></span> <span class='ocrx_word' id='word_1_128' title='bbox 324 1678 493 1738; x_wconf 80' lang='lat' dir='ltr'><strong>contentam</strong></span> <span class='ocrx_word' id='word_1_129' title='bbox 516 1691 584 1735; x_wconf 89' lang='lat' dir='ltr'><strong>esse</strong></span> <span class='ocrx_word' id='word_1_130' title='bbox 602 1672 769 1736; x_wconf 78' lang='lat' dir='ltr'><strong>virtutem³.</strong></span> <span class='ocrx_word' id='word_1_131' title='bbox 811 1671 888 1734; x_wconf 70' lang='lat' dir='ltr'><strong>llaec.</strong></span> <span class='ocrx_word' id='word_1_132' title='bbox 902 1671 1004 1741; x_wconf 71' lang='lat' dir='ltr'><strong>illesa</strong></span> 
     </span>
     <span class='ocr_line' id='line_1_18' title="bbox 45 1755 955 1847; baseline 0.001 -32"><span class='ocrx_word' id='word_1_133' title='bbox 45 1763 172 1838; x_wconf 91' lang='lat' dir='ltr'><strong>reputans</strong></span> <span class='ocrx_word' id='word_1_134' title='bbox 196 1765 226 1822; x_wconf 92' lang='lat' dir='ltr'><strong>et</strong></span> <span class='ocrx_word' id='word_1_135' title='bbox 249 1757 316 1820; x_wconf 91' lang='lat' dir='ltr'><strong>dies</strong></span> <span class='ocrx_word' id='word_1_136' title='bbox 336 1762 503 1836; x_wconf 89' lang='lat' dir='ltr'><strong>noctesque</strong></span> <span class='ocrx_word' id='word_1_137' title='bbox 522 1757 658 1847; x_wconf 82' lang='lat' dir='ltr'><strong>cogitans</strong></span> <span class='ocrx_word' id='word_1_138' title='bbox 689 1774 749 1818; x_wconf 94' lang='lat' dir='ltr'><strong>non</strong></span> <span class='ocrx_word' id='word_1_139' title='bbox 783 1755 873 1818; x_wconf 87' lang='lat' dir='ltr'><strong>modo</strong></span> <span class='ocrx_word' id='word_1_140' title='bbox 901 1755 955 1818; x_wconf 90' lang='lat' dir='ltr'><strong>tibi</strong></span> 
     </span>
     <span class='ocr_line' id='line_1_19' title="bbox 46 1837 1033 1922; baseline 0.003 -23"><span class='ocrx_word' id='word_1_141' title='bbox 46 1857 96 1901; x_wconf 93' lang='lat' dir='ltr'><strong>non</strong></span> <span class='ocrx_word' id='word_1_142' title='bbox 115 1847 275 1906; x_wconf 81' lang='lat' dir='ltr'><strong>succenset</strong></span> <span class='ocrx_word' id='word_1_143' title='bbox 297 1841 393 1921; x_wconf 87' lang='lat' dir='ltr'><strong>(esset</strong></span> <span class='ocrx_word' id='word_1_144' title='bbox 411 1840 490 1902; x_wconf 91' lang='lat' dir='ltr'><strong>enim</strong></span> <span class='ocrx_word' id='word_1_145' title='bbox 508 1855 571 1902; x_wconf 93' lang='lat' dir='ltr'><strong>non</strong></span> <span class='ocrx_word' id='word_1_146' title='bbox 593 1839 690 1902; x_wconf 90' lang='lat' dir='ltr'><strong>solnm</strong></span> <span class='ocrx_word' id='word_1_147' title='bbox 712 1840 867 1922; x_wconf 77' lang='lat' dir='ltr'><strong>ingratus,</strong></span> <span class='ocrx_word' id='word_1_148' title='bbox 901 1837 970 1902; x_wconf 88' lang='lat' dir='ltr'><strong>sed·</strong></span> <span class='ocrx_word' id='word_1_149' title='bbox 1030 1845 1033 1850; x_wconf 74' lang='grc'>“</span> 
     </span>
     <span class='ocr_line' id='line_1_20' title="bbox 46 1923 990 2004; baseline 0 -22"><span class='ocrx_word' id='word_1_150' title='bbox 46 1923 270 2004; x_wconf 80' lang='lat' dir='ltr'><strong>cinnameos),</strong></span> <span class='ocrx_word' id='word_1_151' title='bbox 291 1941 398 1987; x_wconf 82' lang='lat' dir='ltr'><strong>verum</strong></span> <span class='ocrx_word' id='word_1_152' title='bbox 419 1939 536 1985; x_wconf 88' lang='lat' dir='ltr'><strong>omnem</strong></span> <span class='ocrx_word' id='word_1_153' title='bbox 550 1923 792 2002; x_wconf 85' lang='lat' dir='ltr'><strong>tranquillitatem</strong></span> <span class='ocrx_word' id='word_1_154' title='bbox 814 1930 845 1985; x_wconf 91' lang='lat' dir='ltr'><strong>et</strong></span> <span class='ocrx_word' id='word_1_155' title='bbox 866 1923 957 2004; x_wconf 81' lang='lat' dir='ltr'><strong>quie-</strong></span> <span class='ocrx_word' id='word_1_156' title='bbox 986 1994 990 2004; x_wconf 22' lang='grc' dir='ltr'>ι</span> 
     </span>
     <span class='ocr_line' id='line_1_21' title="bbox 45 2005 957 2088; baseline 0.003 -23"><span class='ocrx_word' id='word_1_157' title='bbox 45 2009 95 2068; x_wconf 87' lang='lat' dir='ltr'><strong>tem</strong></span> <span class='ocrx_word' id='word_1_158' title='bbox 117 2009 280 2072; x_wconf 88' lang='lat' dir='ltr'><strong>senectutis</strong></span> <span class='ocrx_word' id='word_1_159' title='bbox 294 2006 462 2088; x_wconf 84' lang='lat' dir='ltr'><strong>acceptam</strong></span> <span class='ocrx_word' id='word_1_160' title='bbox 476 2006 570 2069; x_wconf 90' lang='lat' dir='ltr'><strong>relert</strong></span> <span class='ocrx_word' id='word_1_161' title='bbox 590 2006 757 2069; x_wconf 76' lang='lat' dir='ltr'><strong>clementiae</strong></span> <span class='ocrx_word' id='word_1_162' title='bbox 778 2013 845 2070; x_wconf 78' lang='lat' dir='ltr'><strong>tua.</strong></span> <span class='ocrx_word' id='word_1_163' title='bbox 889 2005 957 2079; x_wconf 84' lang='lat' dir='ltr'><strong>Quo</strong></span> 
     </span>
     <span class='ocr_line' id='line_1_22' title="bbox 46 2089 958 2173; baseline 0.002 -24"><span class='ocrx_word' id='word_1_164' title='bbox 46 2089 153 2168; x_wconf 90' lang='lat' dir='ltr'><strong>quidem</strong></span> <span class='ocrx_word' id='word_1_165' title='bbox 169 2093 270 2155; x_wconf 92' lang='lat' dir='ltr'><strong>animo</strong></span> <span class='ocrx_word' id='word_1_166' title='bbox 287 2108 378 2173; x_wconf 88' lang='lat' dir='ltr'><strong>quum</strong></span> <span class='ocrx_word' id='word_1_167' title='bbox 393 2097 480 2154; x_wconf 87' lang='lat' dir='ltr'><strong>antea</strong></span> <span class='ocrx_word' id='word_1_168' title='bbox 494 2089 562 2168; x_wconf 82' lang='lat' dir='ltr'><strong>fuit,</strong></span> <span class='ocrx_word' id='word_1_169' title='bbox 583 2096 644 2152; x_wconf 86' lang='lat' dir='ltr'><strong>tum</strong></span> <span class='ocrx_word' id='word_1_170' title='bbox 665 2107 727 2152; x_wconf 93' lang='lat' dir='ltr'><strong>non</strong></span> <span class='ocrx_word' id='word_1_171' title='bbox 748 2091 862 2166; x_wconf 89' lang='lat' dir='ltr'><strong>dubito,</strong></span> <span class='ocrx_word' id='word_1_172' title='bbox 884 2089 958 2170; x_wconf 91' lang='lat' dir='ltr'><strong>quin</strong></span> 
     </span>
     <span class='ocr_line' id='line_1_23' title="bbox 46 2172 994 2256; baseline 0.008 -26"><span class='ocrx_word' id='word_1_173' title='bbox 46 2173 96 2234; x_wconf 89' lang='lat' dir='ltr'><strong>tuis</strong></span> <span class='ocrx_word' id='word_1_174' title='bbox 119 2173 243 2254; x_wconf 86' lang='lat' dir='ltr'><strong>litteris,</strong></span> <span class='ocrx_word' id='word_1_175' title='bbox 280 2191 405 2255; x_wconf 89' lang='lat' dir='ltr'><strong>quarum</strong></span> <span class='ocrx_word' id='word_1_176' title='bbox 428 2174 595 2256; x_wconf 87' lang='lat' dir='ltr'><strong>exemplum</strong></span> <span class='ocrx_word' id='word_1_177' title='bbox 616 2172 700 2256; x_wconf 75' lang='lat' dir='ltr'><strong>legi,</strong></span> <span class='ocrx_word' id='word_1_178' title='bbox 734 2193 807 2255; x_wconf 87' lang='lat' dir='ltr'><strong>quos</strong></span> <span class='ocrx_word' id='word_1_179' title='bbox 830 2173 868 2236; x_wconf 87' lang='lat' dir='ltr'><strong>ad</strong></span> <span class='ocrx_word' id='word_1_180' title='bbox 889 2191 957 2235; x_wconf 89' lang='lat' dir='ltr'><strong>eum</strong></span> <span class='ocrx_word' id='word_1_181' title='bbox 991 2231 994 2238; x_wconf 85' lang='lat'><strong>.</strong></span> 
     </span>
     <span class='ocr_line' id='line_1_24' title="bbox 46 2253 959 2340; baseline 0.002 -24"><span class='ocrx_word' id='word_1_182' title='bbox 46 2253 203 2322; x_wconf 80' lang='lat' dir='ltr'><strong>Tarracone</strong></span> <span class='ocrx_word' id='word_1_183' title='bbox 234 2259 308 2322; x_wconf 88' lang='lat' dir='ltr'><strong>huic</strong></span> <span class='ocrx_word' id='word_1_184' title='bbox 336 2255 486 2320; x_wconf 87' lang='lat' dir='ltr'><strong>Blesamio</strong></span> <span class='ocrx_word' id='word_1_185' title='bbox 516 2257 642 2334; x_wconf 85' lang='lat' dir='ltr'><strong>dedisti,</strong></span> <span class='ocrx_word' id='word_1_186' title='bbox 679 2273 714 2319; x_wconf 90' lang='lat' dir='ltr'><strong>se</strong></span> <span class='ocrx_word' id='word_1_187' title='bbox 743 2258 841 2340; x_wconf 81' lang='lat' dir='ltr'><strong>magis</strong></span> <span class='ocrx_word' id='word_1_188' title='bbox 868 2258 959 2320; x_wconf 90' lang='lat' dir='ltr'><strong>etiam</strong></span> 
     </span>
     <span class='ocr_line' id='line_1_25' title="bbox 47 2337 959 2419; baseline 0.002 -19"><span class='ocrx_word' id='word_1_189' title='bbox 47 2343 166 2404; x_wconf 84' lang='lat' dir='ltr'><strong>erexerit</strong></span> <span class='ocrx_word' id='word_1_190' title='bbox 187 2343 224 2406; x_wconf 91' lang='lat' dir='ltr'><strong>ab</strong></span> <span class='ocrx_word' id='word_1_191' title='bbox 250 2341 394 2419; x_wconf 91' lang='lat' dir='ltr'><strong>omnique</strong></span> <span class='ocrx_word' id='word_1_192' title='bbox 415 2338 615 2416; x_wconf 83' lang='lat' dir='ltr'><strong>sollicitudine</strong></span> <span class='ocrx_word' id='word_1_193' title='bbox 637 2339 825 2404; x_wconf 88' lang='lat' dir='ltr'><strong>abstraxerit.</strong></span> <span class='ocrx_word' id='word_1_194' title='bbox 869 2337 959 2402; x_wconf 90' lang='lat' dir='ltr'><strong>iubes</strong></span> 
     </span>
     <span class='ocr_line' id='line_1_26' title="bbox 47 2421 960 2504; baseline 0.003 -22"><span class='ocrx_word' id='word_1_195' title='bbox 47 2424 116 2486; x_wconf 90' lang='lat' dir='ltr'><strong>enim</strong></span> <span class='ocrx_word' id='word_1_196' title='bbox 141 2442 208 2488; x_wconf 90' lang='lat' dir='ltr'><strong>enm</strong></span> <span class='ocrx_word' id='word_1_197' title='bbox 229 2426 310 2488; x_wconf 88' lang='lat' dir='ltr'><strong>bene</strong></span> <span class='ocrx_word' id='word_1_198' title='bbox 331 2421 508 2503; x_wconf 71' lang='lat' dir='ltr'><strong>sperare&#39;et</strong></span> <span class='ocrx_word' id='word_1_199' title='bbox 530 2423 611 2485; x_wconf 91' lang='lat' dir='ltr'><strong>bono</strong></span> <span class='ocrx_word' id='word_1_200' title='bbox 636 2439 707 2486; x_wconf 87' lang='lat' dir='ltr'><strong>esse</strong></span> <span class='ocrx_word' id='word_1_201' title='bbox 727 2424 846 2499; x_wconf 88' lang='lat' dir='ltr'><strong>animo,</strong></span> <span class='ocrx_word' id='word_1_202' title='bbox 879 2421 960 2504; x_wconf 92' lang='lat' dir='ltr'><strong>quod</strong></span> 
     </span>
     <span class='ocr_line' id='line_1_27' title="bbox 46 2506 960 2582; baseline 0.001 -16"><span class='ocrx_word' id='word_1_203' title='bbox 46 2506 101 2570; x_wconf 87' lang='lat' dir='ltr'><strong>scio</strong></span> <span class='ocrx_word' id='word_1_204' title='bbox 121 2514 151 2572; x_wconf 87' lang='lat' dir='ltr'><strong>te</strong></span> <span class='ocrx_word' id='word_1_205' title='bbox 170 2528 233 2576; x_wconf 89' lang='lat' dir='ltr'><strong>non</strong></span> <span class='ocrx_word' id='word_1_206' title='bbox 256 2507 368 2570; x_wconf 87' lang='lat' dir='ltr'><strong>lrnstra</strong></span> <span class='ocrx_word' id='word_1_207' title='bbox 397 2507 530 2570; x_wconf 92' lang='lat' dir='ltr'><strong>scribere</strong></span> <span class='ocrx_word' id='word_1_208' title='bbox 559 2506 670 2569; x_wconf 90' lang='lat' dir='ltr'><strong>solere.</strong></span> <span class='ocrx_word' id='word_1_209' title='bbox 725 2506 847 2570; x_wconf 87' lang='lat' dir='ltr'><strong>llemini</strong></span> <span class='ocrx_word' id='word_1_210' title='bbox 869 2506 960 2582; x_wconf 90' lang='lat' dir='ltr'><strong>enim,</strong></span> 
     </span>
     <span class='ocr_line' id='line_1_28' title="bbox 47 2588 1008 2672; baseline 0.002 -24"><span class='ocrx_word' id='word_1_211' title='bbox 47 2588 142 2654; x_wconf 88' lang='lat' dir='ltr'><strong>iisdem</strong></span> <span class='ocrx_word' id='word_1_212' title='bbox 163 2592 230 2656; x_wconf 85' lang='lat' dir='ltr'><strong>lere</strong></span> <span class='ocrx_word' id='word_1_213' title='bbox 255 2591 357 2654; x_wconf 81' lang='lat' dir='ltr'><strong>verbis</strong></span> <span class='ocrx_word' id='word_1_214' title='bbox 379 2588 417 2652; x_wconf 91' lang='lat' dir='ltr'><strong>ad</strong></span> <span class='ocrx_word' id='word_1_215' title='bbox 445 2595 550 2652; x_wconf 89' lang='lat' dir='ltr'><strong>mete</strong></span> <span class='ocrx_word' id='word_1_216' title='bbox 578 2591 728 2670; x_wconf 90' lang='lat' dir='ltr'><strong>seribere,</strong></span> <span class='ocrx_word' id='word_1_217' title='bbox 762 2608 872 2672; x_wconf 88' lang='lat' dir='ltr'><strong>meque</strong></span> <span class='ocrx_word' id='word_1_218' title='bbox 900 2589 962 2652; x_wconf 91' lang='lat' dir='ltr'><strong>tuis</strong></span> <span class='ocrx_word' id='word_1_219' title='bbox 1001 2645 1008 2650; x_wconf 92' lang='lat'>.</span> 
     </span>
     <span class='ocr_line' id='line_1_29' title="bbox 48 2670 1087 2755; baseline 0.002 -22"><span class='ocrx_word' id='word_1_220' title='bbox 48 2670 143 2738; x_wconf 87' lang='lat' dir='ltr'><strong>litteris</strong></span> <span class='ocrx_word' id='word_1_221' title='bbox 163 2677 243 2738; x_wconf 87' lang='lat' dir='ltr'><strong>bene</strong></span> <span class='ocrx_word' id='word_1_222' title='bbox 265 2687 391 2755; x_wconf 83' lang='lat' dir='ltr'><strong>sperare</strong></span> <span class='ocrx_word' id='word_1_223' title='bbox 414 2690 475 2735; x_wconf 94' lang='lat' dir='ltr'><strong>non</strong></span> <span class='ocrx_word' id='word_1_224' title='bbox 497 2671 606 2736; x_wconf 80' lang='lat' dir='ltr'><strong>frustra</strong></span> <span class='ocrx_word' id='word_1_225' title='bbox 628 2672 698 2736; x_wconf 75' lang='lat' dir='ltr'><strong>ess&#39;a</strong></span> <span class='ocrx_word' id='word_1_226' title='bbox 728 2675 852 2750; x_wconf 86' lang='lat' dir='ltr'><strong>iussum.</strong></span> <span class='ocrx_word' id='word_1_227' title='bbox 897 2672 1007 2752; x_wconf 85' lang='lat' dir='ltr'><strong>La-eo</strong></span> <span class='ocrx_word' id='word_1_228' title='bbox 1083 2693 1087 2708; x_wconf 94' lang='grc'><strong><em>·</em></strong></span> 
     </span>
     <span class='ocr_line' id='line_1_30' title="bbox 47 2753 1044 2842; baseline 0.001 -26"><span class='ocrx_word' id='word_1_229' title='bbox 47 2753 114 2818; x_wconf 90' lang='lat' dir='ltr'><strong>boro</strong></span> <span class='ocrx_word' id='word_1_230' title='bbox 137 2758 278 2842; x_wconf 89' lang='lat' dir='ltr'><strong>equidem</strong></span> <span class='ocrx_word' id='word_1_231' title='bbox 300 2758 383 2840; x_wconf 84' lang='lat' dir='ltr'><strong>regis</strong></span> <span class='ocrx_word' id='word_1_232' title='bbox 418 2755 551 2819; x_wconf 85' lang='lat' dir='ltr'><strong>Deiotari</strong></span> <span class='ocrx_word' id='word_1_233' title='bbox 580 2775 690 2836; x_wconf 89' lang='lat' dir='ltr'><strong>causa,</strong></span> <span class='ocrx_word' id='word_1_234' title='bbox 729 2775 858 2840; x_wconf 89' lang='lat' dir='ltr'><strong>quocum</strong></span> <span class='ocrx_word' id='word_1_235' title='bbox 888 2756 961 2820; x_wconf 92' lang='lat' dir='ltr'><strong>mihi</strong></span> <span class='ocrx_word' id='word_1_236' title='bbox 1041 2782 1044 2790; x_wconf 94' lang='lat'>·</span> 
     </span>
     <span class='ocr_line' id='line_1_31' title="bbox 49 2840 962 2923; baseline 0.003 -25"><span class='ocrx_word' id='word_1_237' title='bbox 49 2841 195 2906; x_wconf 89' lang='lat' dir='ltr'><strong>amicitiam</strong></span> <span class='ocrx_word' id='word_1_238' title='bbox 218 2859 271 2905; x_wconf 92' lang='lat' dir='ltr'><strong>res</strong></span> <span class='ocrx_word' id='word_1_239' title='bbox 294 2841 414 2922; x_wconf 90' lang='lat' dir='ltr'><strong>publica</strong></span> <span class='ocrx_word' id='word_1_240' title='bbox 438 2840 617 2919; x_wconf 88' lang='lat' dir='ltr'><strong>conciliavit,</strong></span> <span class='ocrx_word' id='word_1_241' title='bbox 640 2840 801 2923; x_wconf 89' lang='lat' dir='ltr'><strong>hospitium</strong></span> <span class='ocrx_word' id='word_1_242' title='bbox 822 2841 962 2905; x_wconf 84' lang='lat' dir='ltr'><strong>voluntas</strong></span> 
     </span>
     <span class='ocr_line' id='line_1_32' title="bbox 48 2923 962 3009; baseline 0 -26"><span class='ocrx_word' id='word_1_243' title='bbox 48 2924 193 3009; x_wconf 88' lang='lat' dir='ltr'><strong>utriusque</strong></span> <span class='ocrx_word' id='word_1_244' title='bbox 212 2925 379 3001; x_wconf 84' lang='lat' dir='ltr'><strong>coniunxit,</strong></span> <span class='ocrx_word' id='word_1_245' title='bbox 400 2923 626 2988; x_wconf 77' lang='lat' dir='ltr'><strong>familiaritatem</strong></span> <span class='ocrx_word' id='word_1_246' title='bbox 647 2925 834 2988; x_wconf 86' lang='lat' dir='ltr'><strong>consuetudo</strong></span> <span class='ocrx_word' id='word_1_247' title='bbox 857 2923 962 2998; x_wconf 88' lang='lat' dir='ltr'><strong>attulit,</strong></span> 
     </span>
     <span class='ocr_line' id='line_1_33' title="bbox 48 3005 961 3092; baseline 0.004 -28"><span class='ocrx_word' id='word_1_248' title='bbox 48 3021 181 3073; x_wconf 88' lang='lat' dir='ltr'><strong>summam</strong></span> <span class='ocrx_word' id='word_1_249' title='bbox 201 3024 277 3074; x_wconf 83' lang='lat' dir='ltr'><strong>vero</strong></span> <span class='ocrx_word' id='word_1_250' title='bbox 299 3005 550 3071; x_wconf 88' lang='lat' dir='ltr'><strong>necessitudinem</strong></span> <span class='ocrx_word' id='word_1_251' title='bbox 572 3025 679 3089; x_wconf 82' lang='lat' dir='ltr'><strong>magna</strong></span> <span class='ocrx_word' id='word_1_252' title='bbox 701 3010 767 3092; x_wconf 85' lang='lat' dir='ltr'><strong>eius</strong></span> <span class='ocrx_word' id='word_1_253' title='bbox 788 3006 888 3070; x_wconf 85' lang='lat' dir='ltr'><strong>officia</strong></span> <span class='ocrx_word' id='word_1_254' title='bbox 909 3007 961 3069; x_wconf 81' lang='lat' dir='ltr'><strong>in⁴</strong></span> 
     </span>
     <span class='ocr_line' id='line_1_34' title="bbox 49 3087 964 3174; baseline 0.007 -26"><span class='ocrx_word' id='word_1_255' title='bbox 49 3105 91 3150; x_wconf 89' lang='lat' dir='ltr'><strong>ne</strong></span> <span class='ocrx_word' id='word_1_256' title='bbox 112 3098 142 3154; x_wconf 91' lang='lat' dir='ltr'><strong>et</strong></span> <span class='ocrx_word' id='word_1_257' title='bbox 161 3095 194 3156; x_wconf 92' lang='lat' dir='ltr'><strong>in</strong></span> <span class='ocrx_word' id='word_1_258' title='bbox 213 3093 379 3156; x_wconf 86' lang='lat' dir='ltr'><strong>exereitum</strong></span> <span class='ocrx_word' id='word_1_259' title='bbox 401 3108 500 3154; x_wconf 89' lang='lat' dir='ltr'><strong>meum</strong></span> <span class='ocrx_word' id='word_1_260' title='bbox 520 3087 703 3166; x_wconf 79' lang='lat' dir='ltr'><strong>effecerunt3</strong></span> <span class='ocrx_word' id='word_1_261' title='bbox 730 3091 789 3156; x_wconf 76' lang='lat' dir='ltr'><strong>s&#39;eol</strong></span> <span class='ocrx_word' id='word_1_262' title='bbox 815 3091 964 3174; x_wconf 85' lang='lat' dir='ltr'><strong>quamde</strong></span> 
     </span>
     <span class='ocr_line' id='line_1_35' title="bbox 50 3169 962 3256; baseline 0.007 -26"><span class='ocrx_word' id='word_1_263' title='bbox 50 3169 95 3234; x_wconf 88' lang='lat' dir='ltr'><strong>illo</strong></span> <span class='ocrx_word' id='word_1_264' title='bbox 116 3175 232 3255; x_wconf 91' lang='lat' dir='ltr'><strong>laboro,</strong></span> <span class='ocrx_word' id='word_1_265' title='bbox 264 3181 324 3238; x_wconf 89' lang='lat' dir='ltr'><strong>tum</strong></span> <span class='ocrx_word' id='word_1_266' title='bbox 346 3175 384 3238; x_wconf 87' lang='lat' dir='ltr'><strong>de</strong></span> <span class='ocrx_word' id='word_1_267' title='bbox 406 3173 504 3238; x_wconf 90' lang='lat' dir='ltr'><strong>multis</strong></span> <span class='ocrx_word' id='word_1_268' title='bbox 525 3174 715 3255; x_wconf 90' lang='lat' dir='ltr'><strong>amplissimis</strong></span> <span class='ocrx_word' id='word_1_269' title='bbox 737 3175 820 3253; x_wconf 81' lang='lat' dir='ltr'><strong>viris,</strong></span> <span class='ocrx_word' id='word_1_270' title='bbox 854 3175 962 3256; x_wconf 86' lang='lat' dir='ltr'><strong>quibus</strong></span> 
     </span>
     <span class='ocr_line' id='line_1_36' title="bbox 48 3258 962 3343; baseline 0.001 -25"><span class='ocrx_word' id='word_1_271' title='bbox 48 3259 135 3334; x_wconf 81' lang='lat' dir='ltr'><strong>semel</strong></span> <span class='ocrx_word' id='word_1_272' title='bbox 156 3262 294 3343; x_wconf 83' lang='lat' dir='ltr'><strong>ignotum</strong></span> <span class='ocrx_word' id='word_1_273' title='bbox 324 3277 341 3322; x_wconf 92' lang='lat' dir='ltr'><strong>a</strong></span> <span class='ocrx_word' id='word_1_274' title='bbox 369 3265 399 3320; x_wconf 91' lang='lat' dir='ltr'><strong>te</strong></span> <span class='ocrx_word' id='word_1_275' title='bbox 427 3274 496 3320; x_wconf 90' lang='lat' dir='ltr'><strong>esse</strong></span> <span class='ocrx_word' id='word_1_276' title='bbox 524 3264 662 3338; x_wconf 90' lang='lat' dir='ltr'><strong>oportet,</strong></span> <span class='ocrx_word' id='word_1_277' title='bbox 699 3277 758 3322; x_wconf 89' lang='lat' dir='ltr'><strong>nec</strong></span> <span class='ocrx_word' id='word_1_278' title='bbox 784 3258 962 3323; x_wconf 86' lang='lat' dir='ltr'><strong>benelicium</strong></span> 
     </span>
     <span class='ocr_line' id='line_1_37' title="bbox 49 3341 963 3418; baseline 0.001 -17"><span class='ocrx_word' id='word_1_279' title='bbox 49 3342 123 3402; x_wconf 88' lang='lat' dir='ltr'><strong>tunm</strong></span> <span class='ocrx_word' id='word_1_280' title='bbox 138 3343 170 3406; x_wconf 89' lang='lat' dir='ltr'><strong>ln</strong></span> <span class='ocrx_word' id='word_1_281' title='bbox 193 3343 314 3407; x_wconf 90' lang='lat' dir='ltr'><strong>dubium</strong></span> <span class='ocrx_word' id='word_1_282' title='bbox 337 3342 452 3418; x_wconf 81' lang='lat' dir='ltr'><strong>vocari,</strong></span> <span class='ocrx_word' id='word_1_283' title='bbox 473 3347 529 3404; x_wconf 88' lang='lat' dir='ltr'><strong>nec</strong></span> <span class='ocrx_word' id='word_1_284' title='bbox 551 3341 667 3404; x_wconf 79' lang='lat' dir='ltr'><strong>harere</strong></span> <span class='ocrx_word' id='word_1_285' title='bbox 684 3343 715 3406; x_wconf 94' lang='lat' dir='ltr'><strong>in</strong></span> <span class='ocrx_word' id='word_1_286' title='bbox 737 3342 843 3406; x_wconf 90' lang='lat' dir='ltr'><strong>animis</strong></span> <span class='ocrx_word' id='word_1_287' title='bbox 860 3341 963 3403; x_wconf 87' lang='lat' dir='ltr'><strong>homi-</strong></span> 
     </span>
     <span class='ocr_line' id='line_1_38' title="bbox 48 3425 1063 3507; baseline 0.004 -26"><span class='ocrx_word' id='word_1_288' title='bbox 48 3438 112 3486; x_wconf 91' lang='lat' dir='ltr'><strong>num</strong></span> <span class='ocrx_word' id='word_1_289' title='bbox 140 3427 372 3490; x_wconf 85' lang='lat' dir='ltr'><strong>sollicitudinem</strong></span> <span class='ocrx_word' id='word_1_290' title='bbox 401 3425 627 3507; x_wconf 88' lang='lat' dir='ltr'><strong>sempiternam,</strong></span> <span class='ocrx_word' id='word_1_291' title='bbox 656 3445 714 3489; x_wconf 88' lang='lat' dir='ltr'><strong>nec</strong></span> <span class='ocrx_word' id='word_1_292' title='bbox 742 3425 899 3502; x_wconf 83' lang='lat' dir='ltr'><strong>accidere,</strong></span> <span class='ocrx_word' id='word_1_293' title='bbox 932 3431 963 3487; x_wconf 89' lang='lat' dir='ltr'><strong>ut</strong></span> <span class='ocrx_word' id='word_1_294' title='bbox 1058 3425 1063 3478; x_wconf 87' lang='grc'><strong>’.</strong></span> 
     </span>
     <span class='ocr_line' id='line_1_39' title="bbox 49 3507 1100 3592; baseline 0.002 -24"><span class='ocrx_word' id='word_1_295' title='bbox 49 3507 199 3591; x_wconf 89' lang='lat' dir='ltr'><strong>quisquam</strong></span> <span class='ocrx_word' id='word_1_296' title='bbox 221 3512 298 3586; x_wconf 78' lang='lat' dir='ltr'><strong>[te]⁶</strong></span> <span class='ocrx_word' id='word_1_297' title='bbox 324 3511 432 3574; x_wconf 89' lang='lat' dir='ltr'><strong>timere</strong></span> <span class='ocrx_word' id='word_1_298' title='bbox 451 3509 571 3592; x_wconf 89' lang='lat' dir='ltr'><strong>incipiat</strong></span> <span class='ocrx_word' id='word_1_299' title='bbox 586 3528 702 3589; x_wconf 88' lang='lat' dir='ltr'><strong>eorum,</strong></span> <span class='ocrx_word' id='word_1_300' title='bbox 724 3510 774 3592; x_wconf 90' lang='lat' dir='ltr'><strong>qni</strong></span> <span class='ocrx_word' id='word_1_301' title='bbox 792 3509 852 3572; x_wconf 89' lang='lat' dir='ltr'><strong>sint</strong></span> <span class='ocrx_word' id='word_1_302' title='bbox 867 3509 961 3573; x_wconf 88' lang='lat' dir='ltr'><strong>semel</strong></span> <span class='ocrx_word' id='word_1_303' title='bbox 1095 3529 1100 3539; x_wconf 54' lang='lat'><em>¹</em></span> 
     </span>
    </p>
   </div>
   <div class='ocr_carea' id='block_1_3' title="bbox 51 3641 272 3658">
    <p class='ocr_par' dir='ltr' id='par_1_3' title="bbox 51 3641 272 3658">
     <span class='ocr_line' id='line_1_40' title="bbox 51 3641 272 3658; baseline 0 0"><span class='ocrx_word' id='word_1_304' title='bbox 51 3641 272 3658; x_wconf 51' lang='grc' dir='ltr'><strong>’Ψ-η--ιι--ι</strong></span> 
     </span>
    </p>
   </div>
   <div class='ocr_carea' id='block_1_4' title="bbox 79 3717 962 3942">
    <p class='ocr_par' dir='ltr' id='par_1_4' title="bbox 79 3717 962 3942">
     <span class='ocr_line' id='line_1_41' title="bbox 83 3717 961 3792; baseline 0 -20"><span class='ocrx_word' id='word_1_305' title='bbox 83 3717 380 3776; x_wconf 77' lang='lat' dir='ltr'><strong>¹Aboma.eni1niia</strong></span> <span class='ocrx_word' id='word_1_306' title='bbox 404 3733 524 3776; x_wconf 86' lang='lat' dir='ltr'><strong>ernest.</strong></span> <span class='ocrx_word' id='word_1_307' title='bbox 579 3723 642 3776; x_wconf 80' lang='lat' dir='ltr'><strong>¹E.</strong></span> <span class='ocrx_word' id='word_1_308' title='bbox 663 3724 694 3776; x_wconf 83' lang='lat' dir='ltr'><strong>ll.</strong></span> <span class='ocrx_word' id='word_1_309' title='bbox 715 3724 759 3775; x_wconf 80' lang='lat' dir='ltr'><strong>att.</strong></span> <span class='ocrx_word' id='word_1_310' title='bbox 786 3751 817 3760; x_wconf 91' lang='lat'><strong>-·</strong></span> <span class='ocrx_word' id='word_1_311' title='bbox 837 3723 898 3792; x_wconf 85' lang='lat' dir='ltr'><strong>quid</strong></span> <span class='ocrx_word' id='word_1_312' title='bbox 920 3723 961 3774; x_wconf 82' lang='lat' dir='ltr'><strong>do.</strong></span> 
     </span>
     <span class='ocr_line' id='line_1_42' title="bbox 83 3787 962 3848; baseline 0.005 -6"><span class='ocrx_word' id='word_1_313' title='bbox 83 3787 93 3817; x_wconf 85' lang='lat'><strong>¹</strong></span> <span class='ocrx_word' id='word_1_314' title='bbox 113 3790 146 3846; x_wconf 80' lang='grc' dir='ltr'><strong>Ε.</strong></span> <span class='ocrx_word' id='word_1_315' title='bbox 163 3791 194 3844; x_wconf 85' lang='grc' dir='ltr'><strong>Η.</strong></span> <span class='ocrx_word' id='word_1_316' title='bbox 213 3794 268 3846; x_wconf 78' lang='lat' dir='ltr'><strong>cdd.</strong></span> <span class='ocrx_word' id='word_1_317' title='bbox 286 3789 344 3844; x_wconf 74' lang='lat' dir='ltr'><strong>aeti.</strong></span> <span class='ocrx_word' id='word_1_318' title='bbox 364 3817 397 3830; x_wconf 89' lang='lat'><strong>-·</strong></span> <span class='ocrx_word' id='word_1_319' title='bbox 416 3795 536 3848; x_wconf 84' lang='lat' dir='ltr'><strong>virtutem</strong></span> <span class='ocrx_word' id='word_1_320' title='bbox 556 3811 623 3848; x_wconf 83' lang='lat' dir='ltr'><strong>case.</strong></span> <span class='ocrx_word' id='word_1_321' title='bbox 667 3794 681 3826; x_wconf 85' lang='lat'>⁴</span> <span class='ocrx_word' id='word_1_322' title='bbox 701 3803 727 3846; x_wconf 83' lang='lat' dir='ltr'><strong>et</strong></span> <span class='ocrx_word' id='word_1_323' title='bbox 745 3796 770 3847; x_wconf 89' lang='lat' dir='ltr'><strong>in</strong></span> <span class='ocrx_word' id='word_1_324' title='bbox 787 3793 838 3846; x_wconf 86' lang='lat' dir='ltr'><strong>ine.</strong></span> <span class='ocrx_word' id='word_1_325' title='bbox 884 3794 895 3824; x_wconf 80' lang='lat'><em>⁶</em></span> <span class='ocrx_word' id='word_1_326' title='bbox 917 3811 962 3846; x_wconf 88' lang='lat' dir='ltr'><strong>om.</strong></span> 
     </span>
     <span class='ocr_line' id='line_1_43' title="bbox 79 3859 684 3942; baseline 0.002 -28"><span class='ocrx_word' id='word_1_327' title='bbox 79 3859 107 3909; x_wconf 77' lang='grc' dir='ltr'><strong>Ε.</strong></span> <span class='ocrx_word' id='word_1_328' title='bbox 129 3886 159 3900; x_wconf 86' lang='lat'><strong>·-</strong></span> <span class='ocrx_word' id='word_1_329' title='bbox 177 3864 231 3916; x_wconf 77' lang='lat' dir='ltr'><strong>riae</strong></span> <span class='ocrx_word' id='word_1_330' title='bbox 249 3865 331 3920; x_wconf 74' lang='lat' dir='ltr'><strong>orceis.</strong></span> <span class='ocrx_word' id='word_1_331' title='bbox 410 3936 413 3942; x_wconf 22' lang='grc' dir='ltr'><strong><em>Ι</em></strong></span> <span class='ocrx_word' id='word_1_332' title='bbox 681 3893 684 3903; x_wconf 84' lang='lat'>‹</span> 
     </span>
    </p>
   </div>
   <div class='ocr_carea' id='block_1_5' title="bbox 0 0 1257 4316">
    <p class='ocr_par' dir='ltr' id='par_1_5' title="bbox 0 0 1257 4316">
     <span class='ocr_line' id='line_1_44' title="bbox 0 0 1257 4316; baseline 0 0"><span class='ocrx_word' id='word_1_333' title='bbox 0 0 1257 4316; x_wconf 95' lang='lat' dir='ltr'><strong> </strong></span> 
     </span>
    </p>
   </div>
  </div>
 </body>
</html>
