2546 4310
251 245 270 294 0
599 237 835 293 onorio

209 418 313 480 aaut.
379 409 435 476 llic
466 424 558 493 cuuto
594 411 677 474 omui
710 416 848 496 ternpore
884 407 1051 476 conlutis
1078 409 1201 476 fautor

169 523 172 532 ’
254 495 381 574 luisset,
411 501 474 558 nrm
496 492 556 557 boc
578 495 704 558 tumultu
728 497 891 578 proximo,
925 511 1016 577 quum
1048 496 1200 560 omnium

254 576 402 642 nobilium
423 577 554 661 dignitus
575 583 606 640 et
625 578 708 641 selus
724 579 757 642 in
775 579 939 643 discrimen
954 578 1083 657 veniret,
1104 597 1200 661 prau-

256 670 304 727 tcr
325 669 445 726 cetoros
466 663 499 725 in
520 678 558 724 eo
579 661 732 726 vicinitate
761 681 830 743 aem
852 667 971 744 partam
1001 679 1202 745 causamque

257 761 371 829 opere,
414 744 534 823 studio,
576 747 753 808 auctoritate
783 746 928 810 defendit.
982 745 1104 810 Etenim
1137 763 1202 810 re-

257 837 337 894 ctum
358 829 489 912 putebat,
508 843 566 911 pro
590 846 696 892 eorum
710 829 869 894 honestate
886 848 921 894 se
938 846 1088 913 omaro,
1111 846 1202 912 pro·-

202 945 207 960 ·
256 920 326 997 pter
367 929 423 976 uos
445 914 514 995 ipsc
534 912 766 977 honestissimos
790 915 870 977 inter
897 930 973 978 suos
1000 914 1202 976 numerabe-

216 999 219 1006 ’
257 1004 316 1062 tur.
384 1001 557 1078 ostcaquam
575 997 703 1060 victorie
723 997 884 1062 constituta
905 1002 952 1060 cst
973 996 1010 1059 ab
1031 997 1203 1079 armisque

256 1079 461 1157 recessimus,
510 1097 602 1162 quum
631 1081 897 1162 proscriberentur
927 1081 1065 1142 homines
1099 1087 1204 1164 atque

259 1183 299 1228 ex
319 1163 404 1227 omni
424 1163 554 1246 regione
575 1169 756 1244 caperentur
777 1165 811 1243 ii,
832 1164 884 1246 qui
906 1163 1072 1227 adversarii
1088 1162 1203 1228 luisse

258 1247 460 1330 putabantur,
491 1251 556 1309 eret
578 1247 631 1310 ille
654 1246 757 1311 Rornae
775 1246 936 1330 frequeos3
978 1247 1010 1310 in
1031 1245 1135 1309 lorol
1169 1252 1204 1310 et

258 1331 291 1396 ln
314 1347 369 1392 ore
394 1329 527 1393 omnium
551 1329 688 1412 quotidie
716 1331 915 1409 versabatur,
950 1331 1048 1414 magis
1071 1335 1110 1392 ut
1137 1348 1204 1394 ex-

213 1453 217 1458 ·
259 1412 373 1478 sultare
395 1413 525 1476 victorie
546 1411 714 1478 nobilitatis
734 1415 906 1492 videretis,
951 1432 1041 1496 quen
1070 1413 1203 1491 timere,

214 1503 248 1552 1⁷
259 1515 299 1560 ne
324 1495 397 1578 quid
418 1514 458 1559 ex
479 1514 516 1560 ea
539 1495 717 1561 calamitatis
737 1498 798 1561 sibi
826 1497 987 1561 accideret
1038 1497 1140 1560 Erant
1171 1499 1204 1562 ei

259 1587 380 1646 veteres
412 1580 578 1646 inimicitie
613 1598 682 1643 cum
716 1579 834 1645 duobus
869 1580 990 1646 Rosciis
1024 1581 1205 1661 Amerinis,

260 1681 388 1747 quorum
409 1665 537 1729 alterum
557 1663 667 1727 sedere
686 1663 719 1727 in
739 1672 951 1728 accusatorum
969 1663 1129 1728 subselliis
1147 1665 1205 1728 vi·-

260 1749 339 1826 deo‚
374 1749 502 1812 alterum
528 1747 590 1809 trie
617 1746 745 1810 huiusce
765 1747 879 1830 predio
899 1747 1060 1831 possidere
1081 1748 1204 1827 eudio;

179 1827 182 1834 '
260 1848 336 1914 ques
359 1830 533 1894 inimicitias
554 1828 583 1892 si
606 1833 666 1892 mm
685 1848 796 1894 cavere
815 1833 977 1913 potuisset,
1011 1849 1099 1913 qoem
1122 1849 1205 1894 me·-

260 1922 349 1978 tuare
371 1912 511 1991 solebat,
539 1913 666 1976 viveret
709 1911 818 1996 Neqvuc
841 1917 941 1994 enirn,
974 1915 1113 1992 iudices,
1141 1914 1204 1978 in-

261 1999 341 2062 iurle
363 1996 524 2061 metucbet.
568 1994 644 2059 Nem
667 1993 728 2060 duo
750 1998 802 2062 isti
825 1997 953 2062 suntl'.
971 1996 1075 2062 Roscii
1096 1997 1203 2080 (quo-

261 2097 330 2145 rum
351 2081 440 2144 alteri
465 2069 607 2161 Capitoni
630 2095 802 2164 cognomen
823 2087 888 2160 est,
919 2082 995 2160 ista,
1026 2081 1079 2165 qui
1096 2081 1203 2162 adest,

262 2164 391 2248 blegnus
413 2162 550 2244 vocator)
570 2163 709 2228 homiues
733 2165 901 2229 eiusmodi:
947 2165 1024 2228 alter
1065 2165 1203 2228 lurime-

263 2266 331 2312 rom
356 2247 524 2329 paintarum
550 2251 637 2311 vens
667 2265 704 2310 ec
725 2248 839 2312 nobilis
866 2247 1017 2332 gladiator
1043 2185 1202 2325 {ebatum

145 2347 147 2354 ·
263 2332 315 2395 bic
336 2338 436 2396 eutem
459 2347 559 2413 nuper
575 2348 612 2393 se
635 2330 673 2394 ad
692 2347 764 2420 cum
778 2331 916 2398 lanistam
936 2331 1065 2396 contulit
1080 2337 1120 2411 et,
1143 2351 1202 2478 Pu

265 2414 359 2480 antc²
386 2414 465 2492 benc
490 2431 623 2499 pugnem
644 2415 703 2477 tiro
732 2422 832 2494 osset,
868 2415 950 2498 quod
980 2416 1111 2495 sciem³,
1159 2435 1201 2479 a-

266 2499 325 2563 cilo
354 2500 453 2582 ipsum
473 2498 648 2581 magistrum
675 2498 794 2562 scolere
817 2499 1004 2582 audaciaque
1029 2499 1200 2581 superavit.

180 2573 340 2656 71eNem
358 2601 450 2666 quma
469 2582 520 2644 hic
543 2578 614 2645 Sem
637 2581 765 2646 Roscius
786 2589 869 2647 emet
897 2583 1047 2663 Ameria,
1080 2582 1114 2646 Τ.
1136 2601 1200 2646 eu-

263 2675 323 2731 tem
346 2667 405 2730 iste
427 2666 557 2730 Roscius
578 2663 700 2744 Rome,
743 2684 834 2749 mum
860 2666 912 2734 bic
941 2665 1022 2730 filius
1054 2665 1199 2730 assiduus

264 2753 297 2814 ln
317 2751 440 2831 prediis
475 2755 559 2812 essct
600 2767 753 2831 mumque
782 2767 818 2812 se
846 2751 1002 2814 voluntate
1024 2748 1119 2833 petris
1149 2749 1208 2812 rei·

265 2833 407 2896 lumiliarl
427 2833 557 2913 viteque
580 2834 702 2896 nusticu
723 2832 873 2912 dedisset,
905 2835 964 2898 istc
995 2841 1107 2910 autem,
1126 2830 1198 2896 fre-

266 2917 365 2999 quens
384 2916 488 2979 ilomae
509 2921 611 2994 osset,
646 2916 796 2980 occiditur
828 2917 867 2981 ad
888 2917 1014 2982 balneas
1045 2917 1198 2980 Palatinas

265 3000 388 3063 rediens
407 3019 425 3062 e
449 3016 545 3062 coena
564 2996 634 3063 Sex.
656 2998 796 3065 Roscius.
854 3000 951 3082 Spero
982 3018 1023 3064 ox
1045 3001 1105 3064 hoc
1126 3001 1198 3083 ipso

266 3099 329 3146 non
343 3100 413 3146 esse
434 3083 606 3162 obscurum,
627 3082 665 3147 ad
688 3102 778 3166 quem
801 3086 937 3167 suspicio
958 3084 1101 3148 maleficii
1120 3101 1198 3168 per-

265 3168 375 3243 tineet;
408 3183 516 3231 verum
535 3167 576 3244 id,
601 3167 683 3250 quod
708 3167 806 3232 adhuc
829 3174 877 3230 cst
898 3169 1114 3250 suspiciosum,
1136 3168 1199 3232 nisi
1224 3199 1230 3208 ·

266 3251 460 3334 perspicuum
489 3267 541 3312 res
572 3251 639 3332 ipsa
668 3251 795 3330 lacebit,
839 3252 920 3316 buno
951 3249 1072 3316 affinem
1101 3251 1200 3334 culpe

224 3335 440 3400 1oiudicetote.
496 3332 606 3398 Occiso
637 3333 708 3400 Sex.
735 3333 867 3416 Roscio,
903 3336 1018 3417 primus
1042 3334 1199 3398 Ameriam

215 3480 222 3496 ,
267 3420 383 3483 nuntiat
412 3418 532 3482 Mallius
567 3417 692 3482 Glaucia
723 3418 863 3501 quidam,
891 3419 983 3482 horno
1008 3420 1126 3497 tenuis,
1156 3417 1200 3482 li-

247 3503 421 3582 bertinus,
456 3502 552 3565 cliens
583 3509 613 3566 ct
641 3502 799 3566 familiaris
831 3503 920 3566 istius
952 3503 985 3565 Τ.
1012 3501 1135 3582 Roscii,
1167 3507 1201 3565 ct

268 3588 384 3650 nuntiet
412 3585 551 3660 domum,
584 3603 648 3650 nou
673 3585 747 3667 lilii,
779 3586 837 3651 scd
860 3588 893 3650 Τ.
927 3585 1102 3668 Capitonis,
1134 3585 1201 3652 ini-

307 3723 445 3810 ¹ecodd
464 3739 490 3783 et
507 3727 546 3781 ed.
562 3736 610 3781 oet.
630 3753 667 3766 -··
683 3711 764 3798 etque
781 3728 848 3782 inl'.
898 3727 999 3783 'corvi
1015 3753 1051 3767 -
1072 3727 1199 3784 contulit:

307 3811 352 3879 qur
372 3813 461 3865 quum.
494 3797 581 3862 (codd.
600 3808 624 3852 et
642 3800 700 3853 edd
718 3808 778 3852 cett.
804 3800 915 3882 contulit
939 3802 983 3868 qui
1012 3799 1095 3863 ente.)
1152 3799 1200 3850 'e

274 3905 284 3926 ,
309 3866 380 3920 codd.
400 3878 424 3920 et
443 3869 499 3922 edd.
516 3878 575 3924 cett.
596 3895 631 3908 -
650 3879 722 3924 esset
738 3872 856 3924 scientia.
