2490 4316
274 244 328 304 aa
623 197 938 338 onuarro·¹

275 417 401 485 auderet
423 415 587 500 accedere,
620 417 760 486 inuentus
782 423 831 485 est
853 427 944 486 nemo
964 425 1077 506 preter
1102 424 1185 490 Anto-
1232 385 1233 448 ¹

274 505 377 584 nium,
405 504 572 586 presertim
595 521 685 587 quum
704 512 750 570 tot
768 512 870 569 essent
892 507 1008 569 oireum
1026 507 1138 572 hastam
1155 511 1187 573 ii-
1232 463 1233 554 l

276 587 355 666 iam,
391 587 443 670 qui
471 588 530 650 alia
551 588 652 651 omnia
677 588 832 652 auderent.
877 588 962 652 Unus
984 590 1123 656 inventus
1143 599 1189 671 est,
1232 563 1233 640 l

276 673 330 754 qui
353 669 385 734 id
408 669 549 750 auderet,
579 670 661 754 quod
691 675 824 736 bmnium
854 671 985 756 fugisset
1007 681 1039 736 et
1059 675 1188 739 reformi-
1232 657 1233 728 l

229 755 379 822 sedasset
406 753 539 818 audacia.
587 753 699 818 Tantus
728 756 822 838 igitur
851 760 882 817 te
911 761 1018 839 stupor
1042 761 1191 841 oppressit,

275 839 336 917 uei,
359 843 392 902 ut
412 838 514 900 verius
532 837 639 916 dicam,
661 843 762 902 tantais
779 837 876 917 iuror,
900 845 933 902 ut
948 841 1088 922 primum,
1114 861 1191 925 quum

275 928 378 987 sector
406 923 450 985 sis
481 921 539 984 isto
572 922 642 985 ioco
670 929 777 1000 natus,
813 922 923 985 deinde
946 942 1038 1003 quum
1068 925 1191 1008 Pompeii
1232 973 1233 992 n

274 1013 389 1084 sector,
412 1021 474 1068 non
494 1010 524 1067 te
546 1010 735 1068 exsecratum
756 1007 871 1088 populo
893 1007 1040 1086 itomuno,
1062 1025 1124 1072 non
1144 1011 1193 1072 de·

273 1089 463 1166 laetabilem,
495 1103 557 1150 non
581 1106 685 1152 omnes
706 1090 760 1152 tibi
782 1089 876 1168 deos,
906 1097 1038 1153 omnes¹
1065 1091 1192 1155 homines

274 1178 306 1236 et
327 1189 397 1236 esse
420 1169 559 1235 inimicos
584 1177 614 1234 et
639 1171 757 1236 futuros
785 1173 891 1236 scias?
932 1172 973 1236 At
1005 1193 1095 1256 quam
1115 1178 1192 1240 insu·

274 1257 373 1320 lenter
394 1257 492 1320 statim
513 1252 605 1317 heluo
627 1257 736 1321 invasit
756 1257 789 1319 in
810 1257 877 1320 eius
893 1257 951 1320 viri
971 1255 1122 1338 fortunas,
1144 1277 1193 1321 eu-

274 1340 323 1404 ius
345 1340 455 1402 virtute
481 1339 646 1403 terribilior
674 1345 738 1402 erat
783 1339 890 1424 opulus
911 1340 1066 1404 Romanus
1090 1344 1191 1405 exteris
1232 1369 1233 1418 i

50 1475 56 1486 ,
162 1408 211 1486 27
228 1423 427 1508 tegentibus,
457 1421 568 1510 iustitia
591 1423 716 1486 ourior‘i
754 1359 788 1486 ln
815 1424 881 1487 eius
904 1424 998 1508 igitur
1016 1423 1076 1487 vi'ri
1097 1428 1191 1508 eopias
1232 1455 1233 1510 3

275 1522 366 1590 quum
395 1521 430 1570 se
464 1505 564 1570 subito
599 1506 834 1590 ingurgitusset,
877 1504 1047 1570 exsultabat
1078 1511 1192 1594 gaudio,
1232 1513 1233 1540 t

274 1608 408 1674 persona
430 1589 468 1652 de
489 1590 592 1667 mimo,
611 1591 702 1654 modo
722 1605 829 1673 egens,
851 1597 977 1674 repente
999 1590 1093 1656 dives.
1141 1591 1191 1656 Sed

160 1685 161 1690 ’
271 1681 308 1752 ut
328 1680 375 1737 est
395 1671 484 1758 apud,
498 1676 619 1754 po'e'tam
640 1673 746 1737 neseio
769 1691 878 1755 quern,
908 1674 989 1736 mate
1007 1683 1105 1754 parto
1121 1675 1191 1737 mma
1232 1681 1233 1776 p

273 1755 457 1820 dilabantur.
499 1755 679 1824 incredibile
701 1773 737 1820 ac
759 1757 857 1821 simile
880 1759 1011 1839 portenti
1033 1765 1098 1839 est,
1120 1777 1191 1841 quo·
1232 1797 1233 1830 2

271 1860 342 1907 nam
363 1842 454 1905 modo
474 1839 527 1907 illa
550 1847 610 1903 tam
632 1841 741 1917 multa,
778 1855 866 1924 quarn
888 1840 1012 1922 paucis,
1044 1859 1109 1904 non
1132 1843 1190 1905 dieo
1232 1837 1233 1912 i

271 1925 447 2005 mensibus,
480 1923 535 1989 sed
558 1924 664 1987 diebus
687 1923 837 1992 eiluderit.
883 1923 1030 1987 Maximus
1055 1927 1120 1988 vini
1140 1944 1190 1987 nu·

271 2025 373 2082 merus
395 2006 461 2086 luit,
490 2024 688 2090 permagnum
709 2007 812 2089 optimi
834 2007 953 2089 pondus
974 2011 1105 2090 argenti,
1125 2027 1190 2092 pre-

271 2093 351 2156 tiosa
380 2091 492 2171 vestis,
527 2091 619 2154 multu
647 2098 679 2154 et
705 2091 787 2154 lauta
816 2090 955 2172 supellex
983 2097 1014 2154 et
1040 2091 1191 2176 magnilica

271 2175 373 2239 multis
397 2175 485 2250 locis,
508 2192 571 2239 non
590 2173 642 2237 illa
665 2173 785 2257 quidem
806 2173 955 2237 luxuriosi
978 2173 1122 2255 bominis,
1143 2173 1191 2238 sed
1232 2179 1233 2272 i

166 2325 172 2336 ,
271 2263 373 2322 tumen
397 2257 582 2322 abundantis.
628 2257 743 2321 liorum
771 2257 876 2339 pa'ueis
898 2257 1004 2320 diebus
1026 2259 1104 2324 nibil
1128 2263 1191 2322 arat

226 2337 347 2418 ⁶⁷Quae
371 2341 540 2425 Charybdis
560 2349 620 2406 tam
643 2340 765 2405 vorax?
802 2339 974 2422 Charybdin
1003 2341 1101 2404 dieo?
1135 2358 1192 2424 qua

271 2427 300 2493 si
321 2425 388 2506 fuit,
409 2427 519 2490 animal
538 2444 630 2489 unum
651 2423 752 2502 iuit²;
786 2421 937 2503 Oceanus,
958 2423 1077 2489 medius
1103 2426 1193 2500 fidius,

271 2511 324 2575 vix
343 2511 463 2575 videtur
481 2516 526 2574 tot
546 2527 616 2588 res,
648 2515 708 2574 iam
727 2507 907 2590 dissipatas,
939 2512 997 2570 tam
1020 2507 1192 2574 distantibus

270 2595 304 2659 in
327 2595 405 2656 louis
425 2594 551 2676 positas,
571 2600 633 2656 tarn
655 2593 715 2654 cito
739 2591 905 2654 absorbere
925 2593 1071 2674 potuisse.
1119 2591 1191 2656 iiiiii

269 2683 336 2741 erat
353 2676 497 2756 clausum,
518 2675 593 2740 nihii
608 2675 806 2758 obsignatum,
832 2675 907 2737 nibil
921 2676 1075 2757 seriptum.
1112 2679 1191 2758 Apo-

269 2759 365 2824 theoae
377 2766 446 2824 tote
458 2759 653 2842 nequissimis
664 2758 834 2821 bominibus
846 2754 1103 2834 condonabantur.
1129 2759 1192 2822 Alia

150 2895 152 2902 A
268 2844 352 2908 mimi
370 2845 538 2928 rapiebant,
562 2843 620 2906 alia
642 2843 748 2905 mimae.
790 2841 904 2926 Domus
928 2848 993 2904 erat
1014 2843 1191 2906 aleatoribus

268 2928 401 3007 referta,
430 2929 525 3012 piena
542 2926 703 2990 ebriorum.
743 2923 836 2988 Totos
859 2925 923 2988 dies
944 2926 1125 3008 potabatur,
1149 2931 1191 2988 at-

164 3053 168 3056 -
312 3030 330 3074 e
361 3011 393 3074 id
424 3011 501 3076 loeis
529 3009 676 3094 pluribus.
721 3007 969 3092 suggerebantur
995 3010 1084 3072 etiarn
1116 3025 1191 3091 saepe

268 3029 347 3178 gilon
363 3095 444 3159 enim
466 3113 586 3177 semper
607 3095 666 3157 iste
687 3089 775 3173 felix)
800 3092 906 3154 damna
923 3093 1077 3156 aleatoris.
1111 3092 1191 3156 Con-

268 3177 409 3261 chyiiatis
433 3177 488 3241 Cn.
509 3177 644 3262 Pompeii
658 3176 876 3259 peristromatis
900 3175 1058 3238 seruorum
1078 3175 1113 3239 in
1130 3176 1189 3239 cel-

269 3261 308 3328 lis
331 3262 427 3325 laotos
447 3267 558 3326 stratos
581 3261 711 3326 videres.
759 3257 961 3334 Quamobrem
985 3259 1116 3322 desinite
1136 3259 1190 3321 mi-

267 3345 350 3423 rari,
369 3345 436 3410 baeo
455 3352 514 3408 tam
537 3343 677 3408 eeleriter
694 3358 764 3406 esse
785 3350 970 3425 consumpte
1013 3341 1081 3404 Non
1104 3343 1189 3406 modo

267 3429 358 3494 unius
404 3429 610 3506 atrimonium,
641 3427 777 3509 quamvis
799 3426 946 3507 amplum,
979 3433 1014 3489 ut
1033 3425 1110 3490 illud
1129 3426 1187 3500 init,

267 3513 325 3578 sed
347 3449 440 3578 urges
461 3519 492 3576 et
507 3529 605 3594 regna
627 3511 770 3574 celeriter
789 3507 870 3575 tanta
890 3509 1023 3592 nequitia
1045 3509 1186 3572 devorare

216 3595 427 3679 eapotuisset.
473 3595 515 3658 nt
538 3593 624 3658 idem·
641 3592 722 3657 redes
753 3591 843 3656 etiarn
872 3599 903 3656 et
924 3593 1038 3657 hortos.
1084 3591 1184 3655 0au-

268 3678 386 3743 daeiam
413 3677 590 3744 immanemt
636 3679 683 3742 'iu
710 3676 800 3741 etiarn
823 3676 944 3762 ingredi
966 3675 1051 3744 iliam
1073 3676 1181 3742 domum

305 3857 316 3890 ¹
337 3827 390 3913 uon
408 3875 510 3917 omues·
559 3859 574 3894 ²
593 3859 650 3930 tuit,
670 3859 720 3916 init
735 3859 831 3916 animal
849 3875 938 3916 unum.
