2546 4310
282 194 443 250 XXXVIII
461 203 468 218 ¹

228 351 359 424 posuisse
376 347 522 412 uideantur
539 351 623 419 atquc
645 363 714 420 uos,
735 352 812 404 certe
835 348 934 407 eodem
954 348 1037 407 modo
1054 347 1158 410 Gieer'o

229 435 258 492 iu
272 432 353 488 llerr.
369 431 418 488 lib.
439 432 452 486 l
474 433 494 499 §
515 433 555 488 34
579 431 669 486 dixit:
695 432 823 500 (tumeler
844 430 926 502 suisli
948 429 1051 488 obtine
1064 449 1159 491 onam

228 503 477 589 peotteerdecim
502 529 564 569 uam
583 513 686 568 Verres
709 520 828 585 quaestor
847 515 936 570 luerat
957 530 982 570 a.
996 517 1047 586 84,
1069 533 1160 576 aceu-

228 605 304 656 satns
335 604 378 653 est
409 614 434 652 a.
467 592 540 651 70.ι
587 595 695 652 Deinde
719 595 820 652 Cicero
845 599 911 652 satis
935 603 1031 669 aperte
1054 605 1083 654 ct
1106 599 1158 657 illo

228 687 256 737 et
278 681 341 736 aliis
370 680 460 735 tertiae
483 684 510 734 ct
532 685 637 750 quarte
660 679 829 740 Catilinarie
851 680 921 736 locis
951 680 998 735 illa
1030 681 1160 754 pericula

228 763 387 835 significat,
420 778 481 834 quea
505 761 558 817 sibi
581 762 836 834 postconsulatum
863 759 953 840 (cuins
977 763 1078 834 uiginti
1099 764 1160 820 ali-

140 838 145 850 '
227 852 296 919 quot
321 844 381 900 dies
404 839 578 918 supererant)
603 845 748 917 proposita
764 846 843 918 ¹sinl3
888 845 1041 902 rectissime
1069 848 1160 918 igitur

121 995 123 1004 ,
174 945 177 953 ¹
228 925 385 986 consula-is
414 927 469 984 viri
500 933 616 984 mortem
646 935 851 985 commemorat.
896 977 898 982 .

309 1009 401 1084 Atque
412 1010 455 1066 bis
466 1011 553 1066 initiis
564 1010 662 1066 similis
672 1011 776 1081 reliqua
785 1006 925 1066 accusatio
936 1015 994 1080 est3
1010 1027 1070 1082 quoe
1081 1027 1159 1081 quo-

226 1093 300 1151 uiam
312 1093 341 1152 in
354 1092 414 1150 sola
426 1099 523 1164 quarte
537 1095 663 1149 oratione
674 1093 766 1163 aliquo
783 1094 866 1150 modo
883 1092 1023 1164 explicata
1041 1093 1075 1148 ab
1091 1093 1160 1148 Ah-

226 1177 321 1233 rensio
337 1183 389 1245 est,
416 1176 460 1231 cni
482 1175 601 1232 Orellius
620 1175 784 1248 simpliciter
805 1170 931 1232 'assentiri
951 1176 1032 1244 solet,
1063 1177 1159 1249 pluri-

227 1275 353 1331 mumque
362 1266 454 1331 opc'rae
463 1259 643 1315 etverborum
655 1258 683 1312 in
691 1260 859 1328 argumentis
869 1259 1008 1314 historicis
1020 1267 1157 1314 consum*-

149 1335 155 1346 ’
226 1331 312 1416 ptum,
336 1341 460 1397 breviter
480 1340 620 1415 precipua
636 1341 759 1412 quamdam
777 1358 873 1414 eorum
890 1341 981 1413 capita
1000 1341 1159 1401 videamus.

226 1425 346 1480 Primum
367 1424 454 1496 igitur
470 1431 574 1494 negant
589 1417 700 1480 omniuo
717 1421 880 1480 Ciceronem
897 1424 980 1479 ullam
997 1424 1158 1482 huiusmodi

228 1508 401 1578 orationem,
435 1523 516 1580 quum
544 1507 579 1562 de
611 1507 750 1578 supplicio
778 1507 981 1562 coniuratorum
1013 1513 1158 1578 ageretur,

226 1595 293 1656 posl
314 1590 401 1648 Silani
431 1597 460 1646 el
481 1589 598 1646 casaris
628 1589 776 1644 sententias
809 1590 956 1656 habuisse,
989 1602 1070 1661 quum
1100 1607 1158 1646 nec

226 1661 373 1722 Sallustius
397 1682 458 1722 eam
481 1666 738 1722 commemoraverit
760 1675 848 1738 neque
872 1669 967 1722 consul
989 1679 1053 1741 post
1074 1663 1157 1726 rela-

225 1746 330 1805 tionem
352 1748 475 1819 potuerit
497 1749 525 1802 iu
540 1747 630 1804 media
647 1750 842 1806 sententiarum
858 1751 1055 1822 perrogatioue
1075 1746 1156 1810 suom

226 1827 289 1901 ipse
311 1829 466 1886 orationem
489 1831 676 1902 interponere.
718 1831 749 1887 ln
771 1849 826 1904 quo
848 1833 971 1888 Sallustii
991 1833 1157 1894 testimonio

226 1911 336 1967 minime
356 1918 434 1968 recle
452 1918 572 1968 utuntur.
621 1913 687 1978 llam
709 1931 790 1986 quum
813 1913 913 1972 Cicero
935 1933 1024 1990 neque
1050 1934 1155 1976 novam

225 1994 388 2050 sententiam
418 1994 537 2051 dixisset
561 1991 649 2067 n'eque
672 2004 717 2064 nul
742 1997 829 2053 Silani
854 2004 901 2053 aut
922 2000 1039 2056 Caesaris
1060 2001 1154 2058 vehe-

224 2082 330 2132 menter
352 2077 465 2133 alterem
487 2077 570 2132 alteri
593 2080 759 2150 pretulisset
781 2083 1050 2153 commendassem,
1076 2086 1153 2142 nulla

225 2174 309 2216 causa
331 2165 409 2230 erat,¹
422 2175 472 2214 cur
493 2161 637 2216 Sallustius
659 2155 730 2217 hane
752 2165 907 2220 orationem
929 2166 1000 2225 inter
1019 2183 1066 2222 eas
1083 2184 1155 2223 sen-

224 2239 325 2297 tentias
350 2241 557 2314 orationesque,
586 2244 683 2316 quibus
708 2253 841 2302 certaturn
865 2254 948 2320 esset,
979 2265 1153 2306 commemo-

225 2329 318 2394 raret,
341 2340 423 2396 quum
446 2325 616 2398 presertim,
645 2327 784 2400 quidquid
801 2330 835 2386 de
858 2331 989 2387 Sallustio
1011 2333 1152 2404 statuitur,

223 2403 280 2462 boc
298 2406 395 2462 saltem
412 2407 550 2464 latendum
572 2409 617 2480 sit,
643 2427 699 2466 non
720 2412 770 2467 illo
795 2413 886 2469 animo
909 2431 968 2470 eum
991 2416 1151 2489 scripsisse,

224 2492 254 2542 nt
274 2486 419 2546 Ciceronis
442 2504 523 2563 qnam
546 2492 698 2564 sepissime
719 2496 877 2552 nominandi
893 2497 1073 2570 laudibusque
1089 2500 1152 2556 tol-

222 2558 309 2642 lendi*
328 2572 504 2630 occasionem
544 2579 678 2646 captaret.
739 2577 865 2634 Alterum
905 2587 994 2635 autem
1033 2598 1150 2655 prorsus

224 2651 283 2709 siue
305 2655 363 2712 ullo
387 2655 499 2712 minimo
522 2665 683 2727 argumento
707 2668 810 2732 ponunt
841 2671 991 2736 contraque
1018 2665 1079 2721 veri
1095 2666 1149 2720 ‘si-

221 2735 412 2794 militudinem
447 2737 521 2795 Nihil
540 2740 612 2796 enim
635 2743 798 2816 erat‚·quod
819 2746 970 2820 consulem,
992 2747 1037 2819 qui
1060 2751 1149 2810 totam

222 2825 332 2874 senatus
352 2819 581 2877 deliberationem
596 2823 794 2897 moderaretur,
816 2827 906 2900 ipsum
922 2845 954 2884 ea
968 2829 1149 2903 interponere

222 2906 345 2973 vetaret,
375 2919 435 2975 quae
458 2920 528 2977 opus
552 2922 613 2960 esse
638 2906 781 2965 iudicaret.
827 2910 912 2984 idque
936 2912 988 2984 ipsi
1011 2913 1049 2967 ita
1074 2929 1149 2970 con-

173 3030 177 3040 „
222 2982 332 3054 cedunt,
345 2983 384 3039 'ut
402 2992 504 3043 tantum
521 2981 617 3043 ''iustae
637 2991 788 3046 orationis'’
812 3009 963 3050 mensuram
979 2995 1147 3068 excludent3

221 3060 250 3122 in
273 3080 328 3139 qno
352 3082 465 3140 prorsus
489 3070 697 3142 obliviscuntur,
718 3075 789 3129 hanc
813 3077 1042 3133 instaurationis
1064 3095 1145 3135 men-

220 3162 311 3204 suram
333 3165 408 3224 sepe
428 3157 527 3224 postea
549 3152 655 3211 demum
677 3159 840 3228 accessisse,
862 3177 1035 3234 quum,1quae
1050 3161 1145 3220 subito

198 3227 296 3294 xdicta
313 3239 422 3304 essent,
454 3235 618 3309 amplificata
643 3244 670 3293 et
690 3245 787 3302 ornata
814 3239 998 3311 ederentur.²
1035 3239 1144 3318 Atqui,

221 3426 229 3451 ¹
246 3424 323 3471 Etiam
337 3427 457 3492 Zumptlue
472 3429 497 3474 in
508 3427 552 3474 lune
562 3432 611 3476 loeo
623 3418 685 3477 falae
700 3435 808 3491 opinione
821 3437 930 3480 turbetur
942 3403 1080 3484 etbrtifleie
1094 3453 1143 3487 nou

245 3484 310 3522 recto
328 3495 354 3524 ee
369 3483 471 3538 expedit·
847 3501 850 3504 ·

219 3533 232 3557 “
245 3532 341 3588 ’'Itaque
361 3534 384 3578 id
396 3537 553 3601 tanturmmndo
568 3540 647 3582 conant
658 3541 758 3595 providit
771 3542 877 3596 (vetera.-
890 3541 1028 3598 prbvidebel
1043 3577 1049 3599 ,
1064 3551 1090 3589 nt
1106 3547 1144 3590 in-

244 3591 1141 3700 fictitiititilitltttalttttt‘titliiel'titlttattollit·

243 3673 408 3738 adversantem
426 3701 523 3741 senatus
543 3697 704 3743 deliberationi
724 3680 846 3756 e'ugerct.n
881 3704 949 3756 (Abr.
968 3719 991 3761 po
1013 3707 1054 3758 II).
1078 3685 1142 3756 lite'

244 3744 336 3800 quidem
350 3746 419 3792 nimii
434 3750 522 3795 ceueuli
535 3752 684 3812 precentoris
698 3759 722 3799 et
736 3755 886 3802 admonitoris
901 3764 981 3818 perlae
996 3761 1099 3807 duatet.·

1030 3548 1038 3600 )
