2546 4310
165 231 881 344 ,rnosunnoscronnenrno
986 263 1004 312 a
1118 334 1121 345 Ι
1209 315 1217 322 ,

69 425 156 507 mici3
203 433 255 509 et,
284 445 374 511 quum
395 433 466 510 post
486 425 592 490 horam
612 427 739 510 primam
758 429 857 494 noctis
880 429 1031 494 occisus
1087 433 1093 447 “

68 519 167 593 esset,
203 513 305 598 primo
335 511 470 575 diluculo
502 511 624 574 nuntius
650 511 702 574 hie
726 511 881 576 Ameriam
908 515 1001 579 venit.

67 597 181 659 Decem
201 597 301 658 horis
336 595 491 658 noctumis
529 612 585 658 sex
611 601 644 658 et
673 596 889 680 quinquaginta
917 598 1002 662 milia

66 697 213 762 passuum
238 679 323 744 cisiis
344 678 529 760 pervolavit,
560 695 624 742 non
652 679 743 742 modo
772 686 805 744 ut
829 687 1001 763 exoptatum
1087 745 1090 754 ,

68 765 191 828 inimico
215 763 354 828 nuntium
375 763 490 845 primus
512 761 645 841 afferret,
667 762 723 826 sed
747 765 839 828 etium
860 782 1002 829 cruorem

68 847 182 910 inimici
204 865 297 930 quam
320 847 561 909 recentissimum
584 845 737 929 telumque
761 848 865 929 paullo
887 854 957 912 ante
982 865 1001 914 e

68 947 198 1016 corpore
222 931 594 994 exuretumostenderet
643 930 827 1010 Quaniduo,
854 950 914 1015 quo
934 932 1046 996 tecto

68 1019 152 1096 geste
168 1023 261 1094 sunt,
282 1031 334 1077 res
359 1012 398 1076 ad
422 1011 656 1097 Chrysogonum
676 1016 709 1076 in
729 1021 828 1078 castra
849 1015 883 1079 L.
907 1014 999 1081 siue
1227 1089 1230 1096 .

68 1097 244 1162 Volaterras
267 1097 421 1174 defertur3
448 1096 624 1181 magnitudo
647 1098 785 1179 pecuniae
805 1099 1000 1164 demonstra-
1100 1113 1102 1120 ’
1164 1168 1170 1180 ,

68 1186 131 1258 tur3
165 1183 290 1246 bonitas
309 1181 491 1264 prediorum
513 1181 595 1263 (nam
617 1179 730 1246 fundos
752 1182 861 1246 decem
882 1190 913 1246 et
934 1190 999 1247 tres
1090 1233 1099 1245 ,

67 1265 206 1364 reliquit,
240 1266 297 1347 qui
329 1265 460 1330 Tiberim
490 1263 558 1328 iere
586 1283 691 1328 omnes
719 1265 876 1349 tangunt),
909 1267 1015 1346 unios,

68 1349 167 1430 inopia
179 1356 211 1411 et
224 1347 360 1412 solitudo
375 1354 641 1425 commemoratum
667 1349 884 1424 demonstrant,
907 1367 998 1432 quum

67 1437 149 1512 pater
176 1433 328 1511 huiusce,
365 1429 435 1495 Sex.
463 1430 611 1509 Roscius,
644 1431 735 1496 horno
766 1438 827 1496 tam
856 1433 997 1518 splendis

39 1547 41 1554 ·
69 1513 121 1577 dus
141 1521 171 1578 et
192 1517 370 1599 gratiosus,
404 1515 489 1578 nulio
512 1515 637 1598 negotio
657 1516 698 1578 sit
719 1517 857 1595 occisus,
911 1515 998 1581 erfa-

70 1598 124 1678 cile
143 1597 236 1680 huno,
269 1599 422 1661 hominem
445 1599 599 1660 incautum
621 1603 652 1660 et
671 1599 817 1661 rusticum
839 1607 872 1664 et
889 1537 998 1662 Rome

68 1679 211 1762 ignotum,
232 1681 391 1746 demedio
412 1680 479 1744 tolli
502 1697 612 1762 posse3
635 1679 849 1744 adeuntem
872 1699 997 1763 operam

69 1781 148 1826 suam
176 1767 372 1848 pollicentur.
439 1761 486 1828 Ne
519 1763 632 1828 diutius
662 1759 823 1842 teneaml',
867 1763 1022 1847 iudices,

69 1848 193 1912 societas
219 1849 332 1913 coitur.
402 1846 500 1921 Quum
529 1848 589 1910 iarn
619 1847 852 1928 proscriptionis
880 1848 995 1912 mentio
1005 1846 1084 1919 218

70 1930 146 1993 nulla
171 1931 280 2012 tieret,
322 1931 438 2014 numni¹
467 1931 578 2005 edam,
612 1930 666 2012 qui
695 1937 785 2001 antee
815 1937 995 2012 metuerant,

69 2013 196 2078 redirent
223 2035 263 2080 ao
292 2015 353 2079 iam
384 2013 544 2078 defunctos
578 2029 666 2078 seso
681 2014 828 2096 periculis
861 2015 995 2079 arbitra-

70 2102 176 2176 rentur,
201 2116 318 2162 nornen
338 2098 471 2161 retertur
490 2097 524 2159 in
548 2096 665 2160 tabulas
688 2096 773 2162 Sexti
794 2097 908 2177 Roscii,
932 2097 995 2162 ho-

71 2179 151 2246 minis
183 2182 403 2259 studiosissimi
434 2180 618 2263 nobilitatis3
662 2199 749 2244 mano
789 2199 805 2244 s
832 2181 864 2244 iit
891 2180 995 2264 cury-

72 2277 217 2345 sogonus3
260 2266 319 2328 trio
337 2264 452 2348 predia
472 2264 522 2327 vel
542 2264 731 2327 nobilissima
780 2266 895 2349 epitoni
915 2281 994 2347 pro*

73 2347 132 2424 pria
159 2351 335 2427 traduntur,
375 2365 443 2429 que
473 2347 566 2410 hodie
596 2347 752 2429 possidet3
783 2350 831 2411 tin
859 2349 994 2430 reliquos
1050 2380 1054 2386 ι

73 2445 169 2494 onnes
194 2431 334 2496 fortunas
359 2432 420 2495 iste
440 2431 477 2493 'R
495 2429 625 2494 Roscius
646 2432 770 2494 nomine
789 2431 995 2515 Chrysogoni,
1013 2481 1020 2486 .

74 2515 315 2590 quemadmodum
349 2517 416 2598 ipse
456 2513 546 2593 dicit,
597 2515 740 2596 impetum
773 2513 856 2578 facit.
922 2513 995 2580 Hoc
1032 2595 1034 2601 A
1103 2566 1110 2574 .

73 2591 154 2660 bonu
173 2599 339 2664 emuntur³
382 2599 500 2680 duobus
537 2597 658 2661 milibus
693 2615 856 2662 nummum.
922 2597 995 2662 ideo

74 2681 181 2761 omniu,
229 2682 366 2762 iudices,
409 2681 600 2763 imprudente
630 2680 665 2744 t.
694 2679 778 2745 Sulla
809 2680 890 2744 iactu
921 2697 1000 2745 esse
1098 2693 1105 2764 j

75 2765 174 2825 certe4
198 2769 275 2832 scio.
321 2766 427 2848 Neque
443 2767 523 2828 enirn
537 2765 656 2846 mirum,
681 2782 772 2847 quum
790 2764 898 2828 eodem
911 2770 1039 2828 tem-aa
1122 2779 1124 2783 ·

74 2859 141 2920 pore
164 2855 193 2911 et
214 2869 263 2931 ea,
286 2850 526 2932 qnepraeterita
551 2855 630 2928 sunt,
663 2855 694 2910 et
714 2867 761 2928 ea,
792 2865 859 2930 quae
881 2849 992 2914 videns

75 2928 117 2987 tor
135 2930 263 3012 instare,
291 2939 461 3016 praeparet,
495 2951 587 3013 quum
611 2939 640 2994 et
663 2933 748 3013 pacis
773 2931 993 2996 constituendo

75 3009 209 3078 rationem
232 3023 263 3082 et
283 3018 357 3081 beili
387 3016 514 3101 gerendi
536 3023 724 3098 potestatem
758 3016 843 3080 solus
872 3016 992 3095 habeat,

77 3107 157 3170 quum
179 3117 284 3165 omnes
305 3102 451 3164 inunum
473 3105 618 3182 spectent,
650 3117 728 3173 unus
749 3101 850 3192 omnia
872 3099 992 3184 guber-

77 3181 134 3254 net,
168 3200 257 3262 quum
286 3190 330 3247 tot
357 3185 508 3266 tantisque
537 3183 671 3267 negotiis
696 3183 843 3247 distentus
872 3185 929 3262 sit,
961 3188 994 3246 ut
1059 3195 1066 3207 ·

76 3261 217 3341 respirare
238 3269 335 3332 libere
355 3287 417 3330 non
435 3268 552 3349 possit,
585 3267 612 3332 si
634 3267 748 3349 aliquid
769 3285 832 3331 non
853 3264 993 3330 unimad-
1090 3281 1095 3298 ¹

78 3349 181 3434 191111,
225 3371 317 3436 quum
346 3353 515 3434 praesertim
548 3355 608 3413 tuin
639 3351 724 3414 multi
758 3351 992 3433 occupationem

74 3435 136 3514 ,⁰¹⁰⁸
165 3434 325 3513 observent
356 3442 536 3517 tempusque
568 3440 771 3517 aucupentur,
809 3433 860 3513 ut,
901 3431 992 3500 simul

80 3504 158 3587 tique
180 3517 231 3580 iiie
255 3519 448 3601 despexerit,
482 3519 596 3602 aliquid
625 3517 833 3582 huiuscemodi
857 3516 991 3580 molino-

81 3587 127 3652 'ttu
169 3597 232 3666 Huc
253 3603 380 3684 accedit,
404 3602 497 3686 quod,
520 3605 657 3687 quamvis
675 3603 727 3666 ille
742 3601 819 3664 felix
840 3601 889 3680 sit,
911 3601 991 3664 sicut
1046 3619 1052 3628 ·
1130 3585 1136 3602 ’

81 3679 293 3714 ἡκ...

111 3721 120 3754 ¹
139 3743 182 3782 vos
198 3743 309 3792 teneam.
358 3736 372 3768 ²
392 3737 551 3798 antoniae,
573 3733 686 3796 Ciceris,
707 3729 781 3784 codd.
802 3731 941 3796 —-iie1·et‚
961 3735 990 3782 et
1047 3705 1049 3708 ¹

109 3809 189 3859 1111111.
241 3805 421 3862 'acaddai
439 3808 494 3862 cdd.
515 3813 574 3862 cett.
594 3834 627 3844 -·
645 3805 707 3860 uae
724 3803 797 3858 bona
812 3802 933 3871 sexagies
950 3797 992 3854 RS
1018 3852 1020 3860 ,
1055 3795 1089 3878 ’,’

110 3879 224 3930 tuisurum.
277 3879 392 3934 ⁴certo.
821 3900 827 3908 ·
