2468 4318
257 205 344 262 arao
368 204 492 266 nucu
513 203 731 261 vrororrrornrr„
788 255 789 259 a
914 213 957 288 ,aa

41 394 107 440 verr
129 392 220 440 causa
244 377 397 457 valuisset,
418 375 512 441 hodie
532 375 611 442 banc
633 376 763 462 gloriam
786 379 876 459 atquc
896 376 957 444 hcc
987 388 1001 418 ⁵
1075 393 1076 401 ¹

42 461 116 524 orbis
138 469 228 523 terrae
250 461 408 543 imperium
427 460 625 524 teneremus?
668 460 716 523 An
737 461 791 524 tihi
813 468 875 524 turn
895 464 957 525 im-

41 545 149 626 perium
169 561 241 608 esse
263 543 322 608 hoc
337 545 504 623 videbatur,
525 563 617 626 quum
633 546 739 627 populi
759 545 886 608 Romani
906 547 957 610 le-

38 629 114 708 gati,
146 633 312 724 quaestores
334 629 565 710 praetorasque¹
603 628 822 710 capiebantur?
865 647 958 711 mum

41 729 76 772 ex
92 711 228 774 omnibus
245 710 409 793 provinciis
427 709 596 776 commeatu
612 713 641 774 et
655 709 774 792 privato
791 713 957 794 etpublico

41 795 290 874 prohibebamur?
335 811 426 877 quum
455 793 496 858 ita
518 796 623 859 clausa
646 791 735 858 nobis
757 803 844 860 erant
863 797 958 876 maria

38 877 163 955 omnial,
187 884 220 942 nt
242 893 343 960 neque
363 880 509 961 privatam
527 893 592 942 rem
611 879 839 942 transmarinam
858 896 958 961 neque

42 958 181 1040 publicam
205 963 267 1024 iarn
291 962 377 1025 obire
400 962 587 1043 possemus?
631 961 704 1036 Qua
732 959 838 1028 civitas
869 967 1004 1026 antenor
1020 953 1069 1027 81

40 1059 169 1124 ,umquam
197 1043 282 1124 fuit,
301 1046 379 1110 'non
402 1046 470 1108 dico
492 1041 740 1124 Atheniensium,
786 1059 854 1128 quae
884 1045 958 1110 satis

39 1125 94 1189 late
117 1128 269 1209 quondam
292 1145 376 1192 mare
395 1130 530 1192 tenuisse
553 1129 682 1208 dicitur,
713 1143 775 1192 non
794 1127 959 1212 Karthagi-

39 1211 190 1288 niensium,
217 1213 271 1294 qui
289 1213 469 1294 permultum
486 1210 586 1276 classe
609 1230 645 1276 ac
665 1212 847 1282 maritimis³
866 1213 960 1277 rebus
1041 1282 1043 1292 ,

41 1293 207 1373 valuerunt,
243 1304 306 1361 non
329 1293 533 1375 Rhodiorum,
565 1311 693 1378 quorum
716 1310 815 1379 usqne
837 1291 884 1360 ad·
898 1312 959 1358 nc-

42 1383 123 1440 stram
157 1375 336 1442 memoriam
368 1379 528 1460 disciplina
565 1379 682 1445 navalis
713 1386 743 1442 et
775 1375 875 1462 gloria
903 1397 960 1442 re-

42 1457 156 1538 mansit;
198 1478 268 1545 quaa
292 1460 399 1525 civitas
422 1473 563 1543 umquam
593 1463 734 1538 [antea]4
767 1464 828 1524 tam
849 1463 960 1539 tenuis,

43 1559 101 1623 que
121 1548 178 1608 tam
199 1564 295 1628 parva
317 1544 416 1608 insula
439 1543 506 1622 fuit,
538 1559 605 1626 qua
628 1558 690 1608 non
707 1548 814 1626 portus
835 1563 908 1608 suos
931 1551 961 1608 et

42 1643 123 1707 agros
152 1632 183 1692 et
212 1630 346 1712 aliquam
369 1629 485 1710 partem
506 1622 644 1710 regionis
666 1629 758 1710 atque
777 1641 841 1691 cre
864 1628 961 1690 mari-

43 1705 111 1772 bmc
130 1729 187 1794 per
215 1731 254 1776 se
284 1714 351 1794 ipsa
381 1705 583 1774 detenderet?
623 1710 664 1772 At
694 1711 819 1775 hercule
847 1711 963 1792 aliquot

43 1807 128 1856 annos
149 1798 312 1872 conannas
342 1801 411 1858 ante
436 1788 537 1878 legem
564 1788 720 1858 Gabiniam
747 1795 810 1857 ille¹
829 1795 961 1877 populus

44 1869 200 1957 Romanus,
243 1879 330 1942 onius
359 1894 457 1960 usquc
487 1879 526 1942 ad
545 1885 678 1942 nostram
702 1875 877 1942 memoriam
898 1895 960 1940 nc·
1044 1901 1046 1905 ’

43 1974 102 2021 non
114 1958 257 2026 invictum
269 1963 301 2026 in
314 1962 472 2026 navalibus
485 1963 597 2045 pugnis
614 1962 830 2044 permanserat,
851 1977 962 2044 magna

43 2057 74 2102 ac
94 2045 181 2108 multo
203 2043 336 2110 maxima
356 2053 443 2128 parte
466 2059 528 2112 non
549 2045 640 2108 mode
662 2045 805 2122 utilitatis,
830 2043 886 2108 sed
911 2044 961 2107 di-
1045 2096 1048 2118 ,

44 2125 152 2204 gnitrtis
175 2136 266 2213 atque
288 2125 409 2211 imperii
431 2129 535 2193 caruit.
582 2125 657 2208 Nos,
678 2141 807 2210 quorum
828 2126 1007 2194 mainrmss

44 2207 212 2276 mannhun
234 2227 340 2296 regern
365 2208 464 2281 classe
484 2212 660 2294 Persenque
681 2217 863 2294 superarunt
891 2227 961 2274 cm-

44 2290 180 2375 nihusqna
202 2295 363 2360 navalibus
392 2293 505 2378 pugnis
534 2292 820 2378 Karthaginienses,
858 2295 963 2360 homi-

44 2388 92 2436 nes
125 2373 155 2442 in
186 2377 346 2444 maritimis
377 2379 470 2442 rebus
503 2375 768 2442 exercitatissimos
801 2379 961 2460 paratissi-

46 2471 178 2542 mosque,
207 2464 363 2540 viccrunt,
400 2462 422 2524 ii
439 2461 526 2524 nullo
542 2458 574 2525 in
595 2459 665 2534 loco
687 2462 746 2534 ianr
768 2461 961 2544 praedonibus

64 2555 124 2605 ares
145 2563 214 2610 esse
236 2549 429 2630 poteramus;
473 2563 547 2624 nos,
580 2546 632 2627 qui
660 2551 747 2608 antea
778 2562 840 2607 non
865 2543 962 2606 modo
1059 2593 1063 2612 t

59 2620 264 2694 tatiam'tutam
285 2630 487 2705 habebamus,
508 2627 564 2692 sed
588 2645 693 2692 omnes
709 2629 812 2690 socios
835 2627 867 2690 in
887 2627 962 2690 ulti-

49 2703 96 2768 mis
118 2710 178 2776 oris
202 2713 381 2778 auctoritate
411 2711 506 2775 nostri
536 2709 656 2793 imperii
685 2699 787 2775 sal'vos
816 2718 963 2794 prestare
1021 2719 1024 2726 ’

47 2791 226 2874 poteramus,
260 2803 340 2873 tum,
363 2811 453 2879 quum
478 2795 578 2861 insula
598 2795 712 2872 Delos,
737 2803 796 2858 tam
817 2793 926 2876 propnl
945 2812 964 2857 a

47 2872 124 2937 nobis
145 2876 177 2942 in
198 2877 299 2963 AEgeo
319 2879 395 2942 mari
411 2874 520 2962 posita,
542 2893 603 2961 qun
621 2891 726 2942 omnes
744 2873 878 2958 undiquc
894 2893 962 2942 cum
985 2911 987 2918 κ

47 2957 183 3026 mercibus
214 2970 303 3045 atqua
328 2963 474 3034 oneribus
504 2961 726 3038 commeabant,
769 2961 883 3026 resarta
913 2959 963 3026 dia

48 3035 135 3120 vitiis,
163 3061 277 3126 parva,
307 3046 501 3123 sinemuro,
531 3041 607 3108 nihil
629 3039 770 3119 timebat,
791 3045 884 3108 iidem
902 3062 965 3108 non

49 3120 126 3186 unia
142 3128 306 3208 provinciis
329 3136 420 3211 atque
440 3126 503 3192 oris
518 3125 609 3192 ltalia
628 3124 783 3192 maritimis
803 3146 840 3192 ac
855 3134 966 3209 portu·-
1054 3203 1059 3216 „

49 3197 96 3266 bus
112 3216 230 3290 nostris,
252 3209 307 3276 sed
329 3214 420 3276 ctiam
440 3209 543 3294 Appia
564 3207 623 3274 iam
645 3213 693 3274 via
712 3208 898 3275 carebamus.
929 3210 966 3272 Et

49 3280 90 3348 his
108 3294 290 3376 temporibus
312 3313 375 3359 non
397 3295 530 3378 pudebat
550 3291 743 3378 magistratus
771 3290 878 3378 populi
900 3289 966 3355 Ro-

52 3373 118 3434 mani
138 3377 168 3442 in
189 3380 269 3444 hunc
289 3377 390 3462 ipsum
414 3379 515 3442 locum
540 3379 749 3457 ascendere³,
786 3392 881 3460 quum
896 3391 966 3440 eum

51 3451 150 3518 nobis⁶
170 3461 303 3527 maiores
328 3461 451 3526 nostri⁷
481 3462 600 3536 exuviis
616 3458 749 3546 ‚nauticis
769 3463 799 3524 et
822 3455 966 3530 classium

55 3555 265 3580 Ἃ-

82 3589 137 3650 ι[θ’.
154 3626 186 3638 -
205 3615 331 3671 praetnres
351 3600 559 3674 quaestoresque.
611 3597 729 3655 ²s.-
751 3602 885 3654 clausae.
907 3601 962 3652 hob
1070 3587 1077 3640 Ῑ

82 3678 104 3716 0·
119 3683 150 3719 m.
185 3670 247 3727 ³u.
265 3701 301 3712 -
320 3674 353 3726 cl.
372 3677 569 3744 maritimisque.
605 3671 669 3732 *Ε
687 3697 723 3712 ¹-
739 3681 820 3726 antea
838 3685 963 3738 umquam
1034 3691 1036 3696 ’

81 3730 163 3826 qantos
181 3743 209 3795 iao
224 3745 310 3798 inultis
330 3743 402 3799 aaut.
421 3741 481 3806 orn.)
525 3744 536 3775 ⁵
554 3733 708 3798 cruciabere.
746 3739 759 3772 ⁸
777 3739 810 3794 Ε.
828 3764 862 3781 ··
879 3741 964 3794 vobis.

110 3801 136 3856 l⁹⁹·
155 3835 189 3848 -
205 3818 292 3868 vestri.
398 3871 401 3878 ,

739 3949 819 4002 5,.
