2490 4316
249 228 526 288 nuntiatica
553 228 788 288 SECUNDA.
932 235 985 290 w

57 405 184 474 ornati?
230 419 327 487 quun
345 405 377 470 in
398 402 457 468 hac
478 395 556 468 cella
578 397 768 483 Concordia,
790 402 832 468 dii
855 403 982 468 immor»-

56 490 143 555 tulesl
173 490 207 554 iu
229 507 300 570 qua,
321 487 528 565 ossensele,
550 487 697 568 salutares
718 486 875 551 sententias
896 489 983 554 dicioe

55 582 130 653 suut,
154 573 266 655 quibru
283 572 321 637 ad
342 572 421 634 hane
443 571 522 634 diem
541 570 681 646 enimn,
705 589 773 633 eum
792 570 903 653 gladiis
920 571 982 635 ho-

55 659 145 722 nines
164 649 307 720 collocati
322 654 428 719 steni?
454 653 574 727 decusa
588 655 736 732 senatum,
757 672 866 718 accusa
883 665 1002 737 eque-¹

55 746 142 805 saeua
161 740 318 817 ordinem,
350 738 401 820 qtri
430 737 493 802 tum
516 749 584 800 cum
606 744 714 800 senatu
737 738 894 824 copulatus
914 738 981 818 fuit,
1026 777 1030 784 ·

55 838 165 888 accusa·
182 836 290 886 ornnes
312 822 446 899 ordines,
468 837 574 884 omnes
596 821 690 897 ciues,
714 820 784 885 dum
805 820 981 900 confiteare,

54 907 129 969 hunc
150 907 289 968 ordinem
316 906 377 968 hoo
397 906 466 987 ipso
488 912 626 986 tempore
650 903 687 986 alt
712 903 826 986 Ityraeis
847 905 982 968 circum-

55 983 159 1054 sederi.
192 988 265 1052 llaec
285 995 318 1053 tu
338 1005 400 1050 non
424 985 549 1070 propter
569 986 725 1050 audaciam
746 987 822 1050 dicis
841 992 901 1052 tam
919 989 980 1057 irn-

55 1074 215 1155 pudenter,
246 1072 303 1149 sed
324 1073 525 1153 quia-tantam
542 1081 644 1134 rerum
664 1063 894 1153 repugnantiam
917 1088 981 1136 non

56 1157 144 1220 tides.
193 1155 279 1220 Nihil
305 1154 444 1238 profecto
473 1149 556 1238 sapis
567 1155 592 1216 ¹.
636 1153 715 1228 oud
744 1159 791 1216 est
813 1155 903 1234 onim
921 1153 985 1218 dc-'

56 1241 177 1304 mentius
212 1250 320 1321 quarn,
348 1257 443 1322 ¹quirnn
476 1239 523 1300 rei
552 1237 681 1320 publica
726 1237 877 1302 ernioiosa
898 1255 980 1302 arma

55 1324 116 1469 ipse
137 1324 269 1469 cleperisf,
294 1257 723 1478 olpiiceresalterilsplpptarissij
741 1320 781 1385 At
796 1321 1026 1470 9gi⁸p¹2qu313²⁰
1087 1365 1090 1374 .
1111 1325 1116 1336 '
1141 1338 1143 1346 ’

90 1425 119 1470 n
159 1424 217 1469 oco
262 1422 590 1469 aceusesevous
698 1423 807 1468 usmr
969 1424 981 1468 ι

55 1487 140 1553 ionii
171 1502 234 1552 non
257 1489 411 1552 densitati,
433 1487 467 1552 lu
488 1497 549 1570 qrro
567 1494 616 1552 est
635 1492 686 1550 loa
709 1488 797 1569 culpa
818 1451 980 1564 nonnulla}

57 1572 163 1656 adqdid
190 1573 274 1636 euim
305 1572 379 1636 salis
410 1585 429 1635 a
458 1571 549 1634 rnima
575 1586 674 1635 uxore
702 1569 981 1652 traherepotuisti.

58 1653 168 1720 cadom
190 1670 282 1719 omno
303 1663 407 1736 tone·
441 1652 549 1728 Quid?
587 1659 649 1718 tum
671 1671 773 1716 nonne
797 1653 979 1718 cesserunt?

56 1737 92 1800 dt
111 1740 218 1823 postea
243 1739 303 1802 iuis
326 1731 417 1802 armis
439 1737 531 1801 cessit
549 1737 632 1820 toga.
680 1735 855 1810 Quaeramus
876 1729 981 1818 igituir,

56 1827 146 1886 utrum
166 1823 277 1886 melius
301 1821 411 1897 inerit,
444 1820 574 1884 libertati
601 1815 708 1902 populi
730 1819 856 1884 Romani
877 1820 981 1888 seele-

56 1912 180 1970 ratoruro
203 1917 299 1984 arma,
320 1923 359 1968 an
379 1901 547 1968 libertatem
570 1901 706 1966 nostram
731 1901 823 1966 armis
844 1903 905 1968 tuis
924 1921 981 1966 ce-

57 1988 132 2074 dere.
175 1989 242 2052 Nec
261 2001 336 2052 veno
359 1988 414 2050 tibi
436 1987 473 2050 de
492 1983 634 2050 versibus
655 1985 744 2069 plura
766 1979 981 2068 respendeho;

57 2077 160 2137 artum
180 2073 279 2140 dicam
293 2069 436 2149 neuter,
456 2077 487 2134 te
503 2088 604 2153 neque
620 2065 689 2134 illos
704 2082 804 2152 neque
818 2068 981 2142 ullasonta

57 2153 122 2219 nino
144 2155 262 2221 litteras
286 2164 397 2231 nosse,
426 2171 474 2216 me
497 2149 622 2219 neerei
645 2153 774 2236 publiea
797 2169 855 2218 nec
876 2153 981 2218 amieis

57 2249 189 2322 unquam
211 2231 349 2303 doluisse
372 2241 402 2300 et
429 2239 528 2300 lamen
550 2237 632 2303 omni
660 2250 777 2319 genere
800 2249 982 2303 monumen-

57 2323 148 2386 torum
172 2335 312 2386 meorum
333 2319 503 2402 perfecisse
525 2319 628 2402 operis
651 2320 830 2398 subsecivis,
850 2327 885 2384 ut
906 2331 982 2382 mete

58 2405 163 2490 vigilia
179 2417 318 2487 meatque
336 2405 442 2466 littere
461 2407 495 2484 et
505 2399 650 2467 iuventuti
665 2402 799 2466 utilitatis
817 2408 850 2466 ei
866 2403 982 2466 nomini

58 2485 185 2554 Romano
207 2487 308 2554 laudis
330 2485 444 2569 aliquid
465 2485 617 2550 afferrent.
651 2485 712 2550 Sed
725 2485 790 2550 hac
806 2501 869 2550 non
891 2484 981 2550 huius
1056 2538 1059 2546 .

58 2569 213 2656 tenporis3
248 2570 363 2636 maiora
387 2570 550 2634 videamus.

140 2657 172 2720 P.
189 2654 329 2720 Clodium
341 2670 410 2718 meo
423 2653 554 2717 consilio
573 2649 764 2716 interfectum
779 2667 850 2716 esse
869 2644 981 2716 dixisti.
992 2659 1025 2710 et
1044 2633 1069 2712 9

60 2733 200 2808 Quidnam
228 2739 369 2802 homines
399 2734 559 2819 putarent,
593 2736 622 2800 si
650 2741 712 2800 tum
743 2735 863 2798 occisus
889 2739 981 2815 esset,

59 2833 141 2899 quom
162 2830 195 2888 tu
216 2823 301 2888 illum
322 2823 355 2884 in
377 2820 466 2899 soro,
489 2819 677 2902 inspectante
698 2818 814 2901 populo
834 2817 982 2899 Romano,

60 2903 153 2986 gladio
171 2906 276 2971 stricto
293 2905 446 2970 insecutus
468 2921 513 2980 es,
534 2905 749 3048 nepotumque
767 2897 982 2985 transegisse,
1074 2929 1078 2937 ·

60 2985 114 3050 uisi
133 3008 168 3053 se
190 2990 243 3053 ille
264 2988 296 3052 iu
316 2988 415 3051 scalas
432 2987 565 3051 tabernis
589 2983 908 3048 ilirariaeconieeisset
924 2981 983 3050 iis-

59 3084 114 3147 que
140 3073 284 3156 oppilatis
306 3071 450 3153 impeturn
476 3069 560 3133 tuum
592 3067 850 3150 compressisset?
894 3065 984 3144 Quod
1062 3103 1064 3106 ·

61 3153 174 3231 quidem
196 3173 257 3240 ego
277 3152 392 3218 lauisse
412 3171 462 3216 me
482 3153 539 3218 tibi
566 3143 682 3230 fateor,
702 3145 850 3216 suasisse
880 3169 921 3216 ne
949 3155 984 3218 tu

61 3237 174 3314 quidem
199 3240 285 3302 dieis.
335 3239 376 3302 At
403 3234 509 3301 lliloni
538 3253 580 3300 ne
607 3234 712 3304 lavere
741 3235 860 3316 quidem
880 3231 983 3316 petui3

60 3319 138 3396 prius
159 3325 240 3386 eninr
261 3334 327 3386 rent
346 3315 513 3403 transegit,
548 3331 637 3402 qnam
663 3319 819 3400 quoquam
841 3336 909 3382 eum
932 3316 947 3380 f
964 3355 984 3370 ·-

61 3407 172 3468 elutum
193 3405 465 3487 id·suspicaretur.·
505 3402 546 3467 At
574 3419 635 3486 ego
667 3401 758 3466 suasi.
807 3400 929 3465 Scilieet
955 3401 983 3466 is

62 3485 171 3552 mimus
202 3495 268 3554 erat
296 3486 437 3569 ditonis,
468 3487 503 3550 ut
529 3487 681 3570 prodesse
700 3481 747 3549 rei
767 3483 896 3566 publioae
917 3484 985 3547 sine

63 3583 184 3634 sonore
204 3591 266 3638 non
287 3575 403 3657 posset.
450 3571 490 3636 At
514 3571 629 3634 latatrrs
650 3585 726 3634 sum.
775 3567 800 3642 0
824 3567 855 3632 'd
881 3567 983 3650 ergo?

63 3647 92 3711 in
119 3658 197 3720 tanta
229 3657 332 3722 lotitia
362 3659 477 3722 conca
508 3653 637 3720 civitatis
668 3671 718 3718 ine
746 3663 809 3718 unu
868 3653 985 3718 tristem

66 3761 290 3792 fi-——a--n

100 3833 109 3866 ¹
130 3839 187 3907 sed,
208 3843 253 3909 qui
271 3847 368 3896 tantam
385 3848 406 3893 t.
424 3849 480 3909 rep.
499 3853 524 3894 n.
543 3837 643 3906 videas,
663 3835 727 3891 nihil
744 3849 771 3905 p.
790 3831 868 3904 sapis.

743 3972 790 4026 1⁶*
