2546 4310
191 249 283 307 rno
315 249 413 306 sax.
444 247 620 306 nosoro
644 234 872 311 insarno.
955 260 990 312 m

59 425 139 488 neris
171 423 321 510 quidem?
361 423 458 487 Nemo
488 427 625 506 nostrum
660 427 728 502 est,
767 425 877 508 Eruci,
907 427 1034 512 ‘quinas

59 511 141 587 sciat,
172 507 230 572 tibi
253 508 424 572 inimicitias
449 525 516 570 oum
540 506 610 572 Sex.
636 507 749 572 Roscio
773 513 871 577 nullas
893 531 987 592 esse;

59 593 156 655 vident
178 610 303 670 omnes,
334 601 393 675 qna
419 591 456 655 de
481 609 572 654 causa
592 591 676 655 huo¹
704 593 842 659 inimicus
864 596 986 672 venias3

58 677 170 754 seiont,
207 676 334 738 huiusce
363 677 492 758 peeunia
529 682 558 738 te
591 671 749 740 adductum
773 695 852 742 esse.
907 679 1010 756 cuit,

59 777 129 842 ergo
155 759 231 822 est?
255 759 299 822 lta
322 767 421 822 temen
444 766 573 840 quaestus
595 765 624 821 te
648 760 789 843 cupidum
805 781 875 827 esse
890 780 987 845 opor-

58 843 146 916 tebat,
180 850 215 905 ut
238 843 345 905 horam
370 842 623 905 existimationem
644 850 675 905 et
700 843 801 926 legem
823 842 987 910 Remmiam

59 933 174 1006 putares
197 926 313 1009 aliquid
341 926 444 990 valere
473 932 626 1008 oportere.
682 927 884 994 Accusatores
906 930 1003 994 mul-z

59 1016 102 1072 tos
129 1027 199 1073 esse
234 1011 266 1073 in
297 1011 417 1073 civitate
446 1010 521 1072 utile
543 1016 600 1088 est,
630 1015 662 1074 ιιι
694 1015 775 1074 metu
798 1015 988 1078 contineatur

59 1093 195 1170 audacia;
227 1099 434 1157 verumtamen
447 1093 513 1172 ,hoc
534 1093 575 1156 ita
596 1094 747 1172 estutile,
778 1100 811 1157 ut
830 1115 871 1158 ne
895 1097 987 1179 plane

58 1175 212 1240 illudamur
238 1178 275 1239 ab
308 1178 542 1240 accusatoribus.
584 1175 735 1240 innocens
759 1177 813 1240 est'
827 1180 986 1263 quispiam,
1055 1255 1056 1260 ἵ

57 1269 278 1338 verumtamen,
309 1279 488 1342 quamquam
520 1260 605 1340 abest
635 1279 652 1323 a
687 1259 786 1343 eulpa,
809 1265 985 1345 suspicione
1037 1331 1041 1334 ,
1118 1320 1121 1326 .

57 1347 148 1406 nmen
179 1362 245 1408 non
278 1349 370 1406 caret.
413 1345 707 1408 'lamet'simiserum
737 1351 794 1424 est,
824 1353 922 1410 tamen
944 1346 986 1427 ei,
1039 1421 1040 1426 ἵ

58 1427 104 1506 qui
132 1426 212 1491 hunc
248 1433 379 1505 accuset,
409 1429 524 1513 possim
557 1426 659 1508 aliquo
691 1427 781 1491 modo
809 1429 984 1511 ignoscere.

59 1507 147 1582 Quum
179 1511 263 1574 enim
295 1511 410 1593 aliquid
437 1510 556 1588 habeat,
590 1510 671 1592 quod
700 1511 798 1591 possit
819 1514 994 1592 criminose
1082 1525 1088 1542 ⁶

58 1609 89 1653 ae
109 1595 283 1677 suspiciose
306 1594 419 1674 dicere,
450 1601 555 1675 aperte
577 1593 725 1657 ludificari
754 1601 783 1656 et
807 1595 983 1660 calumniari
1149 1647 1151 1656 ,

57 1676 149 1739 sciens
183 1695 249 1740 non
279 1676 425 1741 videatur.
476 1677 577 1751 Quare
598 1675 690 1741 iacile
715 1693 819 1748 omnes
842 1679 981 1760 patimur,
992 1677 1061 1751 ια’
1141 1689 1143 1698 ’

58 1776 232 1842 essequam
255 1760 404 1841 plurimos
426 1767 631 1842 accusatores,
663 1759 745 1842 quod
767 1761 924 1839 innocens,
954 1763 982 1826 si

58 1851 205 1907 aecusatus
228 1845 280 1922 sit,
313 1843 430 1908 absolvi
457 1851 577 1927 potest,
608 1861 734 1920 nocens,
767 1844 827 1907 nisi
853 1863 983 1910 accusa-

58 1931 100 1987 tus
128 1925 231 2004 luerit,
264 1927 459 2013 condemnari
485 1945 546 1991 non
569 1929 687 2009 pote'st;
722 1928 824 1991 utilius
847 1933 894 1991 est
923 1947 982 1992 au-
1023 1950 1028 1954 ·

59 2013 110 2070 tem
140 2011 259 2075 absolvi
285 2011 493 2090 innocentem,
540 2029 628 2092 quam
656 2018 814 2074 nocentem
862 2030 983 2076 oausam

23 2127 27 2136 ·
58 2107 112 2154 non
134 2093 247 2157 dicere.
291 2095 460 2158 Anseribus
485 2095 598 2158 cibaria
620 2093 743 2177 publice
767 2093 920 2174 locantur,
951 2101 983 2160 et

60 2193 140 2238 canes
171 2178 294 2241 aluntur
323 2179 354 2240 in
385 2177 554 2260 Capitolio,
588 2185 620 2242 ut
641 2177 821 2260 significent,
848 2178 981 2243 silures
1013 2179 1016 2192 '

59 2261 194 2324 uenerint.
246 2261 287 2323 At
309 2261 394 2324 iures
419 2263 627 2326 internoscere
655 2279 716 2323 non
742 2269 881 2343 possunt.
928 2261 981 2327 Si-

61 2341 191 2421 gnificant
212 2351 324 2421 tamen,
347 2346 374 2408 si
397 2347 447 2427 qui
469 2353 561 2408 noctu
582 2348 614 2409 in
628 2343 809 2427 Capitolium
831 2346 981 2425 uenerint,

61 2429 100 2502 et,
128 2429 195 2508 quia
229 2427 263 2490 id
293 2435 346 2504 est
370 2430 590 2511 suspiciosum,
619 2428 738 2492 tametsi
767 2428 872 2491 bestia
900 2434 981 2507 sunt,

61 2511 148 2572 tamen
178 2512 211 2574 in
242 2529 309 2574 eam
330 2519 446 2594 partem
467 2513 568 2595 potius
589 2516 730 2596 peceant,
748 2528 814 2594 quae
834 2517 880 2574 est
903 2529 981 2575 oau-
1081 2523 1085 2535 ·

61 2591 119 2653 tior.
163 2593 252 2667 Quod
277 2596 304 2659 si
327 2597 395 2659 luce
412 2613 534 2678 quoque
553 2615 643 2661 canes
657 2597 775 2671 latrent,
796 2613 887 2676 quum
905 2594 980 2658 deos

62 2674 206 2740 salutatum
238 2678 333 2761 aliqui
358 2681 505 2757 uenerint,
535 2681 654 2762 opinor,
681 2678 720 2741 iis
744 2695 832 2740 crura
853 2676 983 2741 suffrin-

63 2765 173 2838 gantur,
205 2761 288 2843 quod
313 2781 402 2826 acres
431 2764 490 2826 sint
512 2765 601 2826 etiam
625 2770 699 2841 tum,
728 2780 821 2843 quum
844 2761 981 2844 suspicio

62 2841 134 2904 nulla
153 2845 210 2907 sit.
275 2845 429 2910 Simillima
457 2853 503 2910 est
535 2855 743 2910 accusatorum
773 2847 860 2908 ratio.
916 2843 979 2908 Alii
990 2851 1026 2904 ot

64 2932 181 2990 vestrum
204 2947 329 2992 anseres
351 2937 430 3007 sunt,
461 2931 513 3012 qui
534 2929 737 2993 tantummodo
758 2928 980 3007 olamant‚,n0-
1081 2935 1088 2994 .“

64 3021 124 3068 cere
144 3029 204 3074 non
225 3020 362 3094 possunt,
385 3015 436 3076 alii
458 3033 560 3092 canes,
589 3015 640 3096 qui
664 3015 693 3074 et
715 3010 824 3074 latrare
844 3017 874 3074 ct
893 3028 981 3074 mor·

65 3085 126 3152 dere
153 3101 286 3176 possunt.
331 3096 451 3161 Cibaria
480 3099 567 3161 vohis
587 3096 716 3178 praeberi
740 3095 893 3172 videmus;
923 3112 979 3157 uos

65 3179 149 3238 autem
176 3179 306 3241 maxima
334 3181 451 3244 debetis
478 3181 510 3244 in
534 3199 588 3244 eos
607 3181 749 3261 impetum
770 3178 892 3256 facere,
925 3178 979 3258 qui

65 3267 212 3347 merentur.
267 3263 333 3326 lloc
359 3266 474 3346 populo
504 3265 705 3348 gratissimum
738 3269 792 3325 est.
848 3259 978 3338 Deinde,

66 3352 89 3397 si
108 3343 220 3423 voletis,
244 3347 335 3409 etiam
357 3354 429 3426 tum,
458 3366 550 3431 quum
572 3347 737 3410 uerisimile
767 3345 825 3408 erit
846 3344 978 3426 aliquem

67 3427 255 3507 commisisse,
298 3431 331 3494 in
366 3433 540 3514 suspicione
572 3431 719 3495 latratote.
785 3428 819 3491 ld
854 3443 977 3509 quoque

68 3509 178 3572 concedi
207 3519 316 3594 potest.
369 3514 425 3584 ⁴Sin
448 3521 545 3578 autem
576 3516 621 3578 sic
643 3514 749 3596 agetis,
780 3517 814 3573 ut
841 3509 976 3592 arguatis

69 3583 182 3668 aliquem
212 3604 326 3678 patrem
360 3598 529 3677 occidisse,
559 3616 659 3680 neque
702 3597 804 3659 dicere
841 3592 978 3675 possitis,

70 3677 111 3732 aut
138 3693 227 3756 quare
257 3687 307 3745 aut
335 3681 505 3764 quomodo,
532 3701 571 3748 ac
597 3677 801 3746 tantummodo
820 3677 898 3742 sine
920 3693 977 3741 su·
1033 3753 1040 3766 ι,

69 3791 277 3823 Ἣ

98 3853 191 3914 'eodm
209 3892 244 3904 --
261 3869 330 3922 huic.

114 3941 158 3988 cte.
175 3947 238 3996 erae.
260 3953 310 3998 ser.
581 3994 583 4000 ,
763 3941 781 3988 2
836 4011 841 4022 Ι
