2468 4318
137 207 140 211 ’
308 255 405 315 rua
424 255 700 354 cunintona
932 261 968 312 rs
1083 211 1094 228 ’

40 429 146 494 citatis
165 427 314 508 insidiis,
350 445 405 496 aut
425 431 529 496 eodem
549 432 619 512 ipso
638 426 687 494 die
708 421 793 509 (Vll
811 429 858 494 ld.
880 425 968 506 Noa,

41 515 70 577 d.
89 512 222 588 7Noo.)
245 524 297 578 ant
308 519 463 598 monimo,
485 517 537 598 qui
552 517 612 596 fuit
630 533 659 578 a.
677 516 708 578 d.
739 513 790 576 Vl
809 514 862 577 ld.
887 515 919 578 N
924 534 969 578 o-

40 598 171 661 oembr.
198 597 250 674 (d.
274 595 299 660 8
318 599 442 676 Noc.)¹,
465 600 623 680 dispositis
640 597 810 680 presidiis,
831 605 969 661 senamm
1104 663 1113 676 ,

40 685 78 744 in
105 681 300 762 templum
320 685 433 747 loris
461 684 649 748 Statoris
667 684 854 745 convocavit.
891 681 971 757 *theo

41 785 127 846 quum
164 765 306 830 Catilina
335 769 427 849 quasi
455 769 506 830 sui
532 767 690 847 purpaudi
710 783 804 828 causo
825 767 971 838 cmisset,

6 883 8 890 ,
44 848 149 914 Cicero
178 851 216 914 in
246 871 311 914 urm
340 851 598 914 vehementissimo
627 851 803 923 oratione,'
827 867 895 930 qua
926 853 973 910 est

38 936 174 1013 prima
200 933 245 998 in
269 933 501 1013 Catilinam,
522 936 657 997 inuectus
677 939 734 1006 est,
757 929 821 1016 qud
840 932 974 995 Catilina
1079 1001 1082 1008 ¹

40 1017 199 1096 perculsus
238 1025 269 1082 et
302 1025 476 1082 senatorum
509 1017 624 1081 leostem
658 1023 748 1096 atque
779 1015 974 1098 parricidam

42 1101 264 1179 appellantium
283 1101 426 1176 vocibus,
448 1120 466 1164 e
488 1109 597 1164 senatu
618 1117 758 1180 epresues
780 1106 809 1162 et
826 1101 973 1179 monimo

42 1191 145 1257 nocte,
187 1186 309 1249 relictis
336 1185 379 1247 ad
406 1185 536 1249 emisilia
564 1186 597 1248 in
623 1183 698 1246 urbe
719 1184 913 1270 exsequenda
934 1181 971 1245 P.

42 1265 179 1342 tenuo,
205 1267 241 1333 C.
258 1267 389 1350 Cellepo
406 1270 536 1350 aliisque
551 1268 657 1342 sociis,
677 1267 720 1329 ad
735 1267 878 1348 ‘Mallium
892 1283 973 1346 pro-

42 1351 137 1429 tectus
152 1358 211 1418 est.
251 1351 466 1418 Postridie
489 1351 607 1426 Cicero,
631 1352 823 1414 contione
845 1349 972 1426 adco-

45 1442 155 1508 cota,
190 1437 341 1518 populum
374 1437 569 1499 oratione
602 1433 786 1497 secunda
810 1433 972 1505 derebus,

45 1535 109 1595 qua
131 1519 325 1600 apebautor,
357 1519 477 1584 edocuit
500 1527 534 1582 et
562 1519 739 1582 colortatus
759 1523 823 1579 este
862 1515 974 1597 Aliquo

47 1607 176 1680 tempore
199 1605 379 1676 interiecto,
410 1621 499 1684 quum
523 1603 618 1684 lepati
637 1599 851 1679 Allolropum,
880 1601 931 1679 qui
953 1615 975 1660 a

45 1682 167 1748 Lentulo
189 1686 364 1760 sollicitati,
391 1685 536 1752 Cicerone
557 1692 692 1757 auctore,
718 1684 825 1764 focem
845 1701 879 1743 se
898 1699 976 1743 con-

46 1767 191 1833 iurationi
211 1770 417 1843 simularant,
446 1771 554 1836 ,Roma
577 1775 721 1829 meantes
745 1785 812 1828 mm
837 1765 871 1828 Τ.
899 1763 976 1826 Vul-

47 1853 159 1928 tureio,
183 1855 240 1935 qui
260 1851 303 1918 ad
326 1852 491 1918 Catilinam
512 1870 533 1916 a
553 1852 680 1916 anuo
697 1853 810 1913 rttissus
831 1860 917 1923 nat,
940 1849 983 1909 in.
1011 1895 1029 1928 ,Ι

46 1941 131 2012 ponte
152 1937 270 2002 llutoio
291 1944 379 2001 nocte
401 1937 615 2017 oonprelerui
636 1943 758 2008 essent,
795 1933 974 2013 litteraque,

51 2035 113 2096 pta
140 2037 161 2081 a
189 2021 340 2094 Lentulo,
377 2020 526 2101 Cetlrepo,
561 2021 597 2084 P.
624 2019 756 2082 Gabinio
779 2017 899 2079 Cimbro
932 2013 976 2076 od
1003 2029 1007 2042 ’
1074 2027 1076 2032 ·

53 2098 213 2166 Catilinam
237 2104 425 2184 ferebantur,
451 2103 592 2169 Ciceroni
614 2102 750 2176 tradita,
772 2102 813 2176 is,
837 2099 976 2162 arcessi-

51 2183 88 2244 tis
108 2190 331 2251 coniurationis
347 2189 552 2270 principibus,
573 2195 711 2252 senamm
730 2187 762 2248 iu
776 2184 873 2249 adero
892 2182 977 2246 Cou-

52 2268 161 2332 cordia
179 2273 280 2352 ooepit
300 2269 359 2338 ΙΙΙ
378 2272 464 2334 Non.
486 2270 664 2336 Decembr.
682 2270 731 2348 (d.
747 2265 772 2332 3
788 2267 975 2342 Ducenium).

53 2347 98 2410 lbi
119 2371 208 2434 mum
231 2355 326 2436 lepati
347 2362 377 2418 et
404 2355 574 2420 Volturcius
593 2373 658 2416 rem
687 2371 804 2417 munem
833 2352 978 2414 indicos·-

53 2443 133 2509 ΜΝ,
164 2440 335 2513 coniurati,
359 2441 471 2502 titteris
493 2442 559 2501 sais
583 2439 732 2511 convicti,
754 2440 787 2499 in
809 2434 980 2499 aristodium

53 2519 266 2598 traditioni,
306 2522 447 2588 Ciceroni
469 2529 571 2588 autem
590 2524 703 2604 pratia
726 2539 749 2583 a
768 2527 878 2582 senatu
899 2522 980 2580 octa

56 2604 290 2688 supplicatioque
320 2605 451 2673 demota
504 2605 620 2685 mrbus
638 2606 778 2688 peractis
803 2603 909 2666 Cicero
938 2599 981 2660 in

57 2691 285 2756 contionem
313 2691 433 2772 prodiit
460 2691 639 2771 etpaputo,
675 2707 743 2770 qua
772 2695 845 2751 acta
866 2687 979 2756 essent,

57 2776 200 2848 exponit.
229 2773 348 2840 Deinde
363 2775 396 2838 N
401 2775 492 2836 onis
508 2771 797 2836 Decembribus
815 2770 865 2847 (d.
879 2765 979 2831 ὄθο-

58 2853 192 2933 tneor),
212 2877 301 2939 atum
317 2856 572 2926 decoemarum
592 2859 632 2920 in
652 2855 730 2919 ade
746 2854 860 2919 locis
877 2852 980 2915 Sta-

59 2939 164 3030 toris
185 2942 406 3015 consuluisset,
438 2941 509 3021 quid
532 2941 571 3008 de
590 2943 632 3003 iis
651 2939 719 3020 fieri
735 2935 893 3019 placeret,
929 2933 982 3014 qui
1016 2983 1029 3009 ,,

59 3033 89 3077 ¹²¹
110 3026 278 3089 tadodiam
299 3026 409 3091 neunt
431 3032 549 3098 essent,
583 3023 760 3102 duabusque
789 3022 881 3084 dictis
904 3037 980 3081 sen-

60 3103 166 3181 tentiis,
194 3115 295 3174 attera
315 3109 354 3174 D.
379 3109 492 3182 Silani,
521 3127 584 3172 cos.
607 3107 770 3188 desipnati,
793 3105 845 3188 qui
868 3102 982 3183 capitis

60 3199 153 3283 tutuo
173 3193 353 3273 afflcundos
377 3192 536 3267 censebat,
559 3192 660 3255 altera
681 3189 714 3253 C.
733 3191 806 3253 lutii
829 3186 979 3256 Casaris,

64 3281 126 3344 pn,
157 3274 244 3338 bonis
262 3275 442 3357 publicatis,
473 3295 532 3358 per
551 3275 719 3354 munidpic
742 3273 845 3336 ltalia
867 3269 979 3332 distri-

65 3345 188 3421 btendas
205 3367 234 3422 et
249 3362 378 3423 vinculis
393 3361 586 3442 sempittmis
603 3359 759 3432 tenendos,
782 3357 888 3439 plures
908 3349 981 3413 Coe-
1063 3362 1068 3370 “

65 3449 158 3501 sarem
177 3445 263 3526 sequi
281 3445 474 3520 viderentur,
511 3443 618 3508 Cicero
647 3451 790 3524 mutan
813 3438 982 3502 orationem

66 3511 197 3674 lm
224 3545 285 3610 pua
313 3529 417 3593 Sdani
443 3529 624 3608 sententiam
650 3543 713 3590 nou
739 3525 868 3588 absume
895 3536 981 3582 oma-

35 3725 38 3730 .
69 3717 286 3750 --.......

102 3789 112 3872 .¹
132 3795 185 3860 ¹¹⁰0
199 3801 345 3870 antpmt
360 3799 462 3852 uara
481 3799 510 3854 t.
524 3801 613 3870 „aaa
624 3799 740 3852 uuna
754 3795 776 3860 s
788 3787 809 3846 8
820 3801 846 3847 a
862 3787 894 3855 o,
912 3787 982 3845 tuuc

98 3864 465 3956 'summotum
552 3947 558 3954 .
