2546 4310
846 233 981 287 xxxix
1045 309 1048 322 ,
1144 230 1149 238 ’

46 367 51 378 ’
115 383 244 458 inueniunt,
268 383 370 457 obstat,
397 386 541 459 quominus
560 383 719 442 *huiusmodi
742 382 889 457 quidquam
912 383 1031 445 Cicero.-

114 485 172 524 nem
196 468 300 525 dixisse
320 474 463 542 putemus,
485 463 547 541 idse
569 466 681 538 Cicero,
704 467 751 540 qui
774 467 810 522 ad
830 468 888 524 Αιι.
907 465 968 539 1111,Ι
988 471 1030 527 21

114 550 232 607 sBruto
256 567 286 606 se
313 551 433 626 maligue
457 550 596 608 laudatum
620 545 826 622 sic'queritur:
873 551 919 608 lle
937 559 1032 610 autem
1088 553 1092 566 ⁸

112 632 155 688 tte
173 631 299 707 (Brutus)
323 633 434 707 laudat,
454 629 722 712 qaod'rettalerim,
744 649 803 688 aaa
823 634 900 706 qaod
917 634 1032 706 patefe-

113 716 209 785 cerim,
230 714 308 788 quod
328 716 492 772 cohortatus
509 717 579 785 sim,
600 713 678 796 qaod
699 713 821 787 &nique
842 725 927 786 uate,
948 735 1032 789 qaam

112 798 298 868 consulerem,
325 801 385 871 ipse
406 800 598 856 indicaverim.
648 798 717 869 Qua
736 801 848 868 omnia,
870 801 938 872 qaia
960 799 1032 857 (lata
1093 803 1097 810 '

112 879 238 938 laudibus
258 883 402 938 ectalerat
416 884 447 940 in
468 881 578 939 eaelum
595 879 852 953 perscribendaaue
872 891 1031 954 censuerat,
1117 907 1123 914 ·

111 961 214 1020 idcirco
233 966 266 1020 ia
284 966 345 1021 mas
366 966 534 1022 sententiam
555 972 598 1020 est
617 963 700 1034 facta
716 963 857 1022 decessio.
891 964 939 1030 His
957 966 1031 1023 enim

109 1046 197 1104 verbis
211 1047 363 1104 dhreusius
377 1048 419 1121 (p.
431 1050 471 1105 59
484 1043 558 1120 sqq.)
571 1047 679 1105 ostendi
694 1053 781 1120 putat,
796 1046 960 1105 Ciceronem
972 1049 1030 1105 ini-

109 1129 164 1200 tio,
193 1146 275 1204 quum
298 1131 333 1188 ad
355 1139 477 1187 senatum
499 1130 634 1202 referret,
669 1130 822 1188 orationem
842 1130 971 1188 habuisse
994 1131 1031 1192 ad

109 1208 247 1270 senatores
270 1213 468 1285 cohortandos,
489 1219 587 1288 postea
610 1213 678 1272 nihii
701 1211 814 1269 dixisse.
848 1213 928 1282 Quod
943 1221 1030 1273 tatum

108 1303 292 1365 argumentum
316 1297 397 1354 miro¹
412 1313 509 1354 errore
532 1303 625 1353 uatum
653 1295 714 1367 est,
747 1294 822 1369 quod
852 1297 912 1354 hec
943 1297 1030 1355 rerba

108 1385 253 1451 antequam
282 1379 475 1451 consulerem,
507 1397 568 1454 quse
597 1380 625 1436 in
654 1379 739 1436 tertia
769 1380 891 1437 membro
922 1380 1028 1437 inclusa

107 1466 173 1532 suut,
201 1462 236 1517 ad
259 1461 425 1520 cohortatus
445 1465 499 1520 sim
515 1462 666 1520 transtulit.
713 1461 794 1530 Quod
816 1470 906 1519 autem
928 1463 1029 1520 Cicero

105 1549 268 1615 postremum
290 1547 381 1619 pouit,
403 1564 434 1603 se
456 1547 568 1604 omuino
590 1561 646 1602 uon
670 1551 852 1617 exspectasse,
868 1547 1029 1619 sententias,

106 1641 161 1694 que
178 1627 212 1682 de
228 1643 321 1700 poena
342 1629 515 1702 dicerentur,
538 1627 587 1683 sed
606 1627 695 1699 ipsum
717 1633 781 1681 aute
802 1627 951 1699 iudicasse,
973 1645 1028 1685 uou
1126 1651 1128 1656 ’

106 1711 157 1762 tam
174 1710 327 1766 orationem
343 1725 357 1764 a
372 1725 406 1765 se
429 1707 458 1764 in
483 1707 632 1765 referendo
655 1706 776 1788 inabitam
798 1709 937 1779 siguificat
957 1712 1029 1783 (tum

106 1789 172 1845 euim
195 1798 223 1848 et
243 1793 286 1848 rei
307 1797 402 1848 natura
425 1796 454 1848 et
475 1782 598 1849 Sallustii
613 1796 832 1864 (ceterorumque
854 1793 1026 1850 narrationes

105 1876 130 1926 et
153 1873 282 1945 ipsanio
306 1873 384 1931 locus
403 1875 534 1947 ostendit,
560 1875 662 1930 nullum
686 1875 792 1929 certum
815 1890 914 1947 paenae
934 1892 1027 1945 genus

105 1957 267 2013 nominatum
290 1958 387 2029 fuisse,
409 1957 458 2014 sed
481 1957 609 2016 universe
632 1962 756 2013 seuutnm
775 1959 937 2029 consultum,
960 1959 1027 2031 quaid

104 2037 159 2093 fieri
179 2033 287 2115 vellet)
310 2055 391 2112 quum
417 2040 501 2098 uuirui
527 2041 690 2098 senteutiam
714 2040 778 2113 ipso
798 2040 943 2097 relationis
971 2057 1026 2111 ge·
1130 2089 1132 2096 ,

106 2136 168 2176 nere
191 2122 380 2193 declaratam,
411 2139 466 2195 quo
497 2129 593 2197 aperte
616 2139 738 2196 presens
768 2121 918 2180 remedium
940 2123 1026 2195 liegi-

102 2201 233 2262 taretur.¹
290 2206 346 2262 lanu
371 2205 438 2262 illud
465 2207 553 2280 quatis
577 2213 620 2260 est
648 2205 785 2276 inscitiae,
825 2213 929 2278 quarte
957 2224 1026 2264 ora-

103 2283 167 2343 tioni
190 2289 287 2346 locum·
308 2287 427 2361 relinqui
451 2304 557 2362 negare
579 2285 624 2362 (ut
645 2288 713 2343 facit
734 2287 886 2344 Aureusius
910 2307 937 2363 p.
959 2291 1025 2362 97),
1117 2357 1121 2368 ¹

103 2369 171 2440 quod
194 2370 397 2438 Quinctilianns
420 2372 503 2446 (xil,
527 2374 583 2441 10,
608 2374 666 2442 61,
688 2372 734 2444 qui
757 2372 835 2428 focus
858 2373 1024 2446 depravatus

102 2448 155 2521 est)
182 2460 212 2511 et
231 2449 374 2513 Asconius
406 2454 456 2522 (ad
484 2459 557 2515 orat.
585 2454 613 2510 in
643 2454 697 2511 l’is.
727 2455 837 2528 541).
864 2456 923 2512 122
945 2453 1027 2525 Hot.)¹

100 2548 175 2592 uuum
195 2537 344 2594 videantur
365 2537 525 2609 significare
548 2539 704 2594 orationem
717 2553 741 2612 ,a
767 2536 903 2594 Cicerone
924 2540 953 2594 in
974 2556 1023 2594 se-

100 2623 160 2676 uata
181 2613 218 2676 iu'
232 2619 380 2677 Catilinam
404 2620 549 2679 habitam?
567 2619 635 2688 Quis
655 2621 726 2676 enim
742 2636 797 2676 nou
813 2619 901 2692 videt,
923 2637 1023 2694 quam·
1080 2665 1083 2674 ,

99 2714 174 2770 quam
193 2701 237 2761 he
261 2703 404 2761 orationes
426 2703 608 2763 communiter
627 2704 660 2760 in
682 2701 832 2760 Catilinam
863 2703 1022 2761 inscribun-
1045 2713 1047 2722 ’
1075 2733 1079 2742 «

98 2785 148 2855 tar,
169 2791 261 2843 temen
283 2788 501 2860 hauc-quartam
515 2787 579 2862 'per
599 2803 630 2843 se
654 2786 730 2842 nullo
751 2784 834 2843 modo
858 2802 940 2859 posse
964 2786 1022 2844 dici

97 2862 125 2920 t'a
149 2867 301 2927 Catilinam
320 2868 455 2942 laditam,
478 2872 507 2928 iu
528 2886 591 2945 que,
618 2867 744 2926 Catilinae
765 2884 885 2942 persona
907 2884 1021 2943 prorsus

97 2959 209 3024 remota,
232 2952 268 3009 de
287 2954 451 3025 coniuratis,
475 2954 523 3028 qui
544 2953 574 3010 iu
593 2952 714 3009 vinculis
736 2953 800 3021 sint,
821 2958 929 3023 agatur.
1037 3021 1042 3034 ⁸

181 3035 239 3092 Sed
265 3037 294 3094 in
325 3036 386 3109 ipsa
412 3053 523 3111 quoque
543 3034 671 3094 oratione
694 3051 750 3092 non
773 3035 904 3106 exiguum
923 3051 1020 3092 uume-

96 3129 150 3171 rum
169 3117 316 3176 ’'errorum
337 3119 549 3177 historicorum‘’
570 3118 622 3175 sibi
645 3117 853 3192 deprehendere
874 3119 949 3175 visus
968 3124 1021 3188 est,

96 3211 172 3268 quum
192 3203 305 3275 partim,
328 3201 352 3257 si
368 3202 435 3277 quiid
450 3203 488 3260 ita
504 3204 539 3261 ab
556 3206 669 3272 oratore
690 3201 812 3274 positum
830 3207 882 3273 est,
907 3207 937 3257 ut
961 3201 1021 3256 eius

96 3278 122 3335 iu
142 3285 287 3356 republica
309 3285 463 3343 adversarii
487 3291 583 3343 eontra
609 3284 714 3359 aliquid
746 3283 840 3341 dicere
870 3285 1020 3356 potuerint,

97 3377 215 3422 errarem
237 3368 401 3427 historicum
423 3375 502 3442 putat
532 3371 585 3426 ueo
609 3383 626 3424 a
646 3365 787 3425 Cicerone
808 3367 940 3424 committi
963 3381 1020 3440 po·
1097 3404 1098 3407 =

96 3475 322 3498 *nnn—...-

96 3526 106 3554 ¹
119 3527 221 3576 orentius
243 3533 314 3580 etium
334 3535 409 3581 rerba
428 3539 493 3593 qaod
505 3532 669 3594 patefecerim
682 3537 759 3581 refert
772 3532 801 3578 ed
814 3533 878 3580 iilam
892 3531 1020 3578 orationem

118 3583 226 3629 relationi
247 3589 396 3642 premissam.
438 3591 486 3637 Sed
505 3591 624 3646 patefacte
644 3591 723 3635 omnia
758 3588 832 3632 rideuu
851 3591 935 3639 eruat.
956 3600 1019 3632 Mt

119 3638 205 3683 nutum
221 3640 252 3685 de
271 3654 347 3700 pecua
367 3649 452 3688 acturu.
480 3644 636 3690 Manifestum
656 3649 708 3697 eet,
735 3602 887 3692 gtaeraneuu.
913 3641 973 3706 quod
992 3642 1019 3706 lu

118 3687 168 3746 lusa
187 3697 274 3740 renutu
294 3695 337 3742 luae
358 3697 398 3742 die
416 3699 486 3744 nullo
506 3699 559 3744 eiua
582 3697 629 3741 nisi
655 3696 779 3744 relationis
802 3699 827 3738 et
850 3694 1018 3738 cohortationis

118 3743 622 3852 ‘t’
642 3749 742 3800 tre
1066 3800 1069 3810 «
