2490 4316
193 231 195 240 ι
284 196 560 259 PHILIPPICA
586 202 742 260 PRIMA.
922 215 975 266 Pol
1013 238 1014 246 κ

44 374 143 438 modo
168 389 284 457 regno,
318 375 399 458 quod
429 376 669 458 pertuleramus‚
701 375 757 441 sed
778 377 866 442 eliam
886 381 993 464 regni¹

43 461 159 522 timore
180 457 308 536 sublato,
328 477 531 544 magnumque
545 461 656 543 pignus
672 461 709 524 ab
729 477 767 524 eo
782 462 829 523 rei
845 463 976 546 publice

44 544 162 619 damna,
183 559 218 604 se
242 541 367 606 liberam
389 545 536 606 civitatem
560 561 630 606 esse
650 545 741 625 velle,
764 563 855 626 quum
874 547 974 610 dicta-

43 628 126 688 toris
140 641 262 700 nomen,
286 627 367 708 quod
383 645 465 708 saepe
484 629 593 690 iustum
616 627 734 707 fuisset,
753 635 879 711 propter
899 649 975 712 per-

42 716 149 792 petue
172 709 323 772 dictatura
346 718 499 774 recentem
522 713 696 774 memoriam
718 712 853 775 funditus
877 732 916 776 err
937 731 974 776 re

42 795 171 875 publica
193 793 374 856 sustulisset.
419 795 576 857 Liberatus
597 796 735 875 periculo
756 797 847 858 caedis
867 798 1004 879 pauciss

42 884 119 959 post
141 877 249 940 diebus
270 883 412 953 senatus;
436 895 532 941 uncus
550 879 694 960 impactus
712 885 759 943 est
774 880 902 962 fugitivo
920 881 976 958 illi,

44 962 100 1042 qui
124 961 157 1022 in
180 957 213 1021 C.
236 959 323 1024 llarii
348 976 458 1024 nomen
475 963 635 1025 invaserat
677 963 777 1044 Atque
793 964 858 1026 hac
875 965 977 1027 omnia

43 1045 249 1106 communiter
270 1061 338 1106 cum
360 1045 497 1128 collega3
536 1046 595 1108 alia
617 1061 721 1126 porro'
734 1049 857 1128 propria
878 1048 976 1110 Dola-

43 1129 155 1202 bellae3
188 1144 264 1208 que,
288 1127 348 1189 nisi
370 1128 490 1210 collega
513 1127 669 1206 abfuisset,
693 1129 784 1192 credo
808 1131 852 1192 eis
875 1130 976 1193 lutura

43 1210 146 1273 luisse
172 1211 350 1272 communia.
383 1209 467 1272 ¹Nam
485 1230 575 1294 quum
595 1219 733 1294 serperet
753 1214 784 1275 in
806 1214 881 1276 urbe
904 1213 976 1277 iniss

42 1296 144 1358 nitum
168 1294 287 1371 malum,
309 1293 399 1376 idque
421 1301 556 1357 manaret
570 1297 602 1357 in
620 1295 685 1358 dics
703 1297 802 1372 latius,
824 1296 977 1379 iidemque
1070 1326 1074 1334 ·

42 1379 170 1440 bustum
193 1379 225 1439 in
247 1376 316 1438 soro
338 1376 483 1454 lacerent,
507 1379 557 1460 qui
576 1379 657 1440 illam
674 1380 852 1462 insepultam
869 1381 976 1462 sepul-

42 1469 147 1524 turam
171 1459 344 1539 elicuerant,
370 1467 400 1522 et
420 1463 555 1542 quotidie
576 1463 673 1544 magis
693 1464 850 1544 magisque
865 1464 976 1545 perditi
1036 1476 1039 1485 ’

43 1545 191 1609 homines
221 1561 287 1607 cum
320 1544 368 1606 sui
397 1545 545 1610 similibus
563 1546 661 1608 serris
683 1547 769 1608 tectis
797 1565 832 1608 ac
855 1546 977 1629 templis

43 1629 135 1691 urbis
158 1627 360 1706 minarentur,
392 1628 460 1690 talis
489 1627 709 1690 animadversio
731 1627 789 1690 luit
811 1628 977 1692 Dolabella
1045 1647 1053 1662 ·

44 1729 142 1794 quum
166 1711 197 1772 in
219 1710 348 1774 audaces
370 1710 596 1792 sceleratosque
615 1727 722 1774 servos
739 1717 800 1777 tum
822 1713 853 1776 in
875 1713 976 1793 impu·
1007 1716 1013 1728 ‘

43 1813 101 1858 ros
125 1799 157 1856 ct
179 1792 315 1856 nefarios
336 1794 460 1872 liberos,
486 1794 617 1875 talisque
640 1795 761 1857 eversio
783 1795 863 1858 illius
883 1813 978 1857 exse-
1110 1861 1114 1872 ,

43 1883 141 1942 cratae
161 1876 326 1956 columnae,
356 1883 389 1940 ut
413 1877 485 1940 mibi
504 1879 613 1939 mirum
635 1877 789 1954 videatur,
810 1885 869 1941 tam
889 1878 978 1942 valde
1032 1884 1038 1897 ’

42 1963 202 2042 reliquum
225 1967 343 2041 tempus
356 1961 405 2023 .ab
427 1961 482 2024 illo
507 1978 568 2024 uno
590 1961 640 2022 die
661 1960 852 2036 dissensisse.
897 1962 1006 2027 Eccos
1090 1961 1092 1968 ⁴

43 2047 137 2110 enim
155 2043 297 2106 Kalendis
317 2043 420 2121 luniis,
445 2044 553 2126 quibus
571 2051 604 2108 ut
618 2043 791 2108 adessemus
810 2046 977 2124 edixerant,

40 2135 163 2194 mutata
186 2127 302 2190 omnia:
340 2126 420 2189 Nihil
442 2146 499 2208 per
520 2135 673 2206 senatum,
701 2130 794 2191 multa
817 2136 847 2191 et
868 2147 978 2212 magna

42 2231 107 2298 per
127 2211 284 2292 populum,
306 2215 336 2272 et
357 2211 481 2272 absente
501 2211 617 2293 populo
635 2219 670 2274 et
694 2213 808 2290 iuvit03
822 2213 977 2275 consules

43 2294 205 2377 designati
236 2294 387 2374 negabant
418 2311 452 2356 se
482 2293 593 2378 audere
623 2296 654 2357 in
688 2302 823 2359 senatum
854 2298 977 2371 veulre;

44 2380 158 2462 patriae
180 2376 358 2439 liberatores
378 2378 455 2439 urbe
477 2377 621 2439 carebant
642 2397 698 2455 ea,
726 2380 812 2442 cuius
835 2399 852 2442 a
875 2381 977 2442 cervi-

43 2464 139 2527 cibus
174 2461 277 2542 iugum
309 2461 438 2523 servile.
455 2460 646 2540 deiecerant,
685 2479 762 2543 quos
790 2468 888 2524 tamen
917 2464 977 2543 ipsi

44 2543 196 2610 consules
218 2549 249 2605 ct
267 2544 299 2606 in
320 2544 511 2606 contionibus
534 2549 564 2606 el
586 2544 721 2606 inomni
744 2563 886 2607 sermone
904 2543 977 2608 lau-

44 2629 183 2702 dabant;
212 2629 348 2690 veterani
369 2629 420 2709 qui
442 2627 679 2709 appellabantur,
700 2628 807 2709 quibus
830 2628 880 2690 hio
902 2629 978 2692 ordo

45 2711 284 2794 diligentissime
304 2717 436 2786 caverat,
454 2729 521 2773 uon
539 2711 575 2773 ad
594 2712 853 2774 conservationem
876 2731 979 2774 earum

45 2813 175 2872 rerum,
195 2812 270 2876 quas
293 2794 461 2873 habebant,
483 2794 538 2856 sed
561 2795 598 2856 ad
621 2814 706 2876 spem
731 2811 876 2869 novarum
896 2813 979 2877 prte-

43 2881 159 2944 darum
177 2878 384 2940 incitabantur.
428 2877 501 2949 Qua
518 2896 608 2959 quum
628 2879 734 2942 audire
752 2879 872 2942 mallem
891 2897 979 2961 quam

45 2963 173 3037 videre,
194 2960 397 3041 haberemque
413 2962 460 3024 ius
477 2961 637 3042 legationis
658 2963 795 3040 liberum,
820 2979 855 3023 ea
881 2968 981 3026 mente

45 3045 201 3123 discessi,
229 3049 264 3105 ut
285 3044 423 3107 adessem
447 3044 591 3107 llalendis
612 3043 777 3126 ianuariis,
810 3046 892 3126 quod
917 3047 980 3110 ini-

45 3133 126 3194 tium
147 3133 269 3193 senatus
292 3129 424 3210 cogendi
442 3127 511 3191 lore
535 3127 703 3190 videbatur,

138 3211 293 3291 Exposui,
320 3217 421 3291 patres
444 3212 625 3292 conscripti,
654 3211 852 3293 profectionis
874 3212 1048 3294 consi-73
1165 3243 1168 3255 ·

46 3297 144 3369 llum3
168 3312 249 3356 nunc
268 3295 465 3371 reversionis,
491 3313 557 3376 quae
573 3294 641 3375 plus
658 3295 862 3361 admirationis
880 3296 980 3373 habet,

44 3379 188 3443 breviter
210 3395 371 3459 exponam.
423 3378 520 3452 Quum
541 3377 733 3443 Brundisium
757 3383 874 3460 iterque
895 3377 979 3458 illud,

26 3462 138 3546 ⁸quod
161 3461 262 3523 tritum
287 3461 318 3523 in
346 3460 492 3524 Graeciam
514 3468 577 3540 est,
610 3480 673 3524 non
697 3465 764 3526 sine
788 3479 879 3532 causa
899 3462 983 3524 vita-.

45 3548 178 3622 vissem,
199 3544 341 3607 llalendis
360 3543 524 3608 Sextilibus
547 3546 618 3608 veni
640 3545 816 3628 Syracusas,
839 3544 920 3628 quod
942 3544 979 3606 ab

45 3649 89 3694 ea
111 3628 189 3691 urbe
216 3629 406 3691 transmissio
437 3629 469 3691 in
499 3627 645 3692 Graeciam
677 3629 872 3705 laudabatur3
913 3644 980 3710 qua

46 3721 155 3776 tamen
181 3712 253 3775 urbs
283 3711 357 3773 mibi
380 3711 626 3776 coniunctissima
640 3712 713 3793 ,plus
737 3731 797 3776 una
819 3718 981 3776 menocta

47 3796 183 3878 cupiens
207 3794 340 3858 relinere
361 3812 424 3858 uon
444 3796 548 3877 potuit.
594 3794 715 3860 Veritus
737 3813 813 3874 eum,
835 3814 874 3859 ue
896 3813 982 3863 meus
