2546 4310
306 183 430 290 Im?

196 411 197 416 1
254 386 357 445 ulturos
381 385 553 461 gratiamque
575 401 626 444 cos
650 386 716 446 mibi
746 386 869 448 tacturos
897 405 980 465 spero
1010 393 1196 454 emendetio-

254 487 318 528 uum
334 471 394 528 sive
409 471 558 544 aliepsrum
581 469 646 531 siue¹
664 486 795 542 arearum,
817 488 878 546 quur
900 474 965 531 olim
989 492 1005 534 a
1027 492 1071 544 me
1090 479 1191 554 expli-

173 561 178 570 ·
245 551 325 610 'cata
345 552 528 626 stabilitorque
549 553 622 624 sint,
660 559 757 610 eontra
778 555 933 614 huiusmodi
957 558 1086 617 codicum
1109 564 1192 620 rcri-

252 635 346 710 p'turm
369 636 547 693 defensiones
576 636 746 704 tuendarum.
798 625 942 695 Nonnullis
971 642 1075 714 ctiam,
1115 660 1192 718 quas

252 726 334 776 antea
358 721 387 777 in
409 719 533 790 margine
554 735 719 791 posueram,
752 737 823 776 nunc
845 721 873 777 iu
895 729 1025 782 contexta
1053 726 1190 785 oratione

206 817 229 848 ³
251 803 344 862 locum
374 802 457 872 dedi,
490 818 571 877 quum
602 803 756 876 presertim
784 804 958 874 incommoda
984 807 1116 881 discipuli
1149 811 1189 870 ad

251 888 404 958 marginem
427 885 602 958 ablegentur,
624 890 654 940 ut
674 886 713 941 ibi
738 886 868 958 babeant,
900 888 976 962 quud
996 898 1074 947 recte
1094 892 1186 952 iutel-

250 969 342 1040 ligere
371 968 502 1044 posslut.'
535 968 634 1026 Paucis
662 969 824 1041 quibusdam
851 971 923 1027 locis
946 971 974 1028 iu
997 973 1051 1030 bac
1071 974 1186 1034 demunt

249 1053 374 1110 editione
396 1051 536 1109 correctio
559 1050 727 1116 coniectore
750 1053 950 1126 opcadbibita
974 1062 1029 1127 est,
1062 1074 1184 1131 querum

248 1135 296 1208 qui
318 1135 422 1210 primus
446 1138 499 1204 est,
528 1133 810 1206 proboscidis
836 1136 886 1209 11,
915 1137 976 1195 eius
997 1139 1058 1213 ipse
1081 1157 1184 1200 curen-

248 1214 388 1284 dationem
409 1217 519 1273 dubiem
535 1215 624 1274 uideri
646 1216 773 1290 intelligo
791 1224 818 1276 ct
836 1225 926 1276 tanuen
948 1221 984 1278 ob
1006 1239 1076 1296 eam,
1097 1241 1185 1298 quarn

248 1315 336 1374 nuper
356 1299 433 1371 dixi,
468 1315 579 1356 causam
609 1299 638 1355 io
664 1300 724 1373 ipsa
746 1302 874 1358 oratione
897 1303 988 1375 posui.
1035 1307 1101 1363 Nam
1125 1310 1183 1366 etsi

248 1384 384 1442 sententia
415 1388 491 1438 recta
523 1387 585 1453 ast,
631 1385 810 1456 questionem
843 1385 970 1441 bornincs
999 1405 1112 1462 sperare
1145 1408 1182 1449 ea

246 1463 404 1524 severitate*
418 1466 568 1522 exercitum
593 1463 638 1537 iri,
662 1482 723 1539 qum
744 1467 828 1544 dignu
852 1467 889 1525 sit
909 1470 1062 1543 maleliciis,
1086 1479 1183 1532 tamen

245 1557 276 1607 et
297 1548 482 1625 superlativus
503 1549 623 1606 tortasse
651 1565 706 1606 non
731 1551 889 1623 aptissimus
910 1552 940 1609 iu
968 1555 1017 1610 tali
1039 1557 1183 1616 sententia

134 1667 136 1676 =
245 1633 335 1693 videri
358 1639 451 1708 potest
471 1637 499 1690 el
519 1631 651 1705 dubitari,
680 1634 727 1706 qui
749 1633 872 1708 potuerit
893 1641 948 1690 tam
969 1643 1062 1694 uotum
1085 1655 1181 1696 vocu-

243 1717 336 1774 bulum
358 1718 400 1775 sic
423 1715 582 1789 depravari.
627 1714 739 1774 Gentius
760 1712 803 1792 eat
828 1721 857 1772 ct
880 1719 1076 1792 necessarium,
1099 1723 1179 1794 quod

243 1802 273 1860 in
301 1801 424 1858 eiusdem
453 1795 587 1857 orationis
618 1799 701 1867 §stt
723 1815 877 1874 pronomen
900 1805 931 1858 to
950 1807 1014 1858 anta
1037 1803 1067 1860 G.
1087 1803 1180 1862 und

242 1885 349 1944 sustuli.
391 1881 485 1954 Neque
509 1881 582 1936 enim
605 1879 706 1938 cicero
727 1897 764 1938 cx
784 1880 906 1956 Erucio,
929 1885 1008 1942 cuius
1030 1887 1176 1946 accusatio

240 1968 297 2026 iarn
317 1971 431 2040 peracta
453 1969 512 2038 est,
542 1962 652 2036 querit,
672 1964 813 2038 quomodo
834 1965 910 2022 illurn
928 1967 1017 2042 ipsum
1038 1985 1177 2029 accusare
1268 2021 1269 2026 ,

241 2055 388 2124 oporteat,
410 2046 461 2106 se‘d
483 2047 622 2119 uniuersa,
643 2046 742 2121 quibus
763 2050 937 2120 argumentis
957 2050 1038 2110 buius
1059 2055 1176 2125 generis

240 2133 384 2191 accusatio
399 2131 450 2212 niti
472 2129 583 2201 debeat,
605 2130 725 2188 ostendit
740 2137 768 2190 el
788 2132 877 2207 ipsum
891 2132 1021 2192 Erucium
1042 2138 1175 2195 confiteri

238 2214 440 2288 interrogando
464 2213 561 2287 cogit3
602 2213 704 2271 deinde
724 2215 823 2286 borum
844 2215 912 2274 nibil
941 2218 976 2274 ab
1005 2217 1109 2277 Erucio
1140 2220 1173 2278 in

236 2300 292 2367 buc
317 2314 399 2354 causa
422 2297 648 2372 prolatum‘esse
669 2297 747 2357 dicit.
789 2299 829 2356 lle
842 2297 952 2357 ‘Erucio
973 2300 1037 2374 ipso
1057 2302 1100 2359 sic
1121 2302 1173 2360 di-

238 2383 355 2442 cendum
373 2388 453 2439 erat:
494 2395 593 2438 mores
612 2381 657 2438 oti
676 2379 859 2456 oportuisse?
901 2383 1004 2440 Nonne
1023 2392 1052 2441 et
1075 2384 1172 2442 uude

236 2468 311 2526 dom
333 2466 414 2538 mus,
445 2464 496 2539 pus'
517 2464 550 2520 ἐκ
570 2465 676 2521 πίωσι
696 2472 850 2523 uocaretur
872 2471 927 2526 etc.
973 2467 1031 2524 Sed
1054 2469 1170 2528 omnino

235 2556 292 2606 tum
313 2549 374 2606 baec
396 2565 458 2606 cum
479 2545 584 2605 Erucio
604 2547 684 2620 quasi
705 2548 870 2614 deliberatio
887 2548 981 2624 inepta
1003 2557 1067 2610 est*
1094 2551 1169 2609 liel-

235 2633 290 2690 lem
314 2633 342 2690 in
364 2632 461 2690 eadem
486 2631 613 2690 oratione
637 2634 657 2701 s
681 2633 740 2687 149
770 2630 961 2705 scripsissem,
994 2633 1070 2707 quod
1098 2651 1170 2692 scn-

233 2718 320 2773 tentia
337 2717 482 2792 postulat:
512 2713 572 2772 boc
591 2723 659 2772 octo
679 2730 726 2772 res
745 2724 799 2787 est,
817 2721 851 2771 at
871 2715 894 2771 ii
914 2715 981 2790 (pro
1001 2718 1061 2786 oti)
1081 2715 1168 2775 cobi-

235 2799 278 2858 lss
297 2801 516 2884 restituereturpr
539 2799 570 2854 io
598 2798 758 2870 melloten,
793 2798 845 2873 qui
866 2797 922 2856 luoc
949 2799 1080 2870 [acerem
1106 2808 1166 2858 eto.
1267 2813 1268 2816 ’

232 2883 263 2940 ln
285 2882 471 2956 antiquissima
494 2879 629 2937 codicum·
646 2881 783 2953 scriptura
805 2883 865 2938 bac
888 2882 956 2954 nillil
980 2882 1167 2962 differebaut3
1267 2901 1268 2904 ’

231 2966 326 3040 itaque
352 2963 390 3022 tv
410 2961 439 3022 in
461 2964 543 3022 Catil.
571 2965 593 3034 S
614 2964 635 3020 b
667 2965 696 3021 in
718 2965 814 3022 Orellii
838 2965 1056 3038 codicibuspro
1077 2973 1110 3027 ut
1130 2967 1164 3038 s'i,

231 3052 282 3125 qui
304 3049 433 3106 scribitur
454 3047 501 3106 uti
517 3046 577 3121 poi,
628 3045 721 3125 (lus
746 3050 806 3104 106
827 3048 896 3105 latet
916 3048 1019 3122 uliquid
1050 3050 1078 3105 in
1107 3051 1163 3106 lrac

230 3133 368 3207 scriptura
390 3131 534 3188 codicum:
562 3129 618 3188 Ilio
634 3129 707 3189 most
727 3138 772 3188 est
791 3129 869 3204 quod
887 3133 1074 3205 suspicionem
1095 3147 1161 3190 noc

225 3217 342 3291 potetis.
388 3214 454 3272 llam
477 3214 538 3287 ipse
558 3213 660 3270 Cicero
677 3215 724 3271 'sic
743 3214 867 3292 scribere
888 3231 944 3272 non
962 3216 1072 3290 potuit,
1102 3215 1161 3275 boc

215 3298 381 3376 ⁴praesertim
403 3296 553 3354 verborum
575 3296 685 3369 ordine,
707 3298 882 3374 precedente
904 3298 1099 3368 substantivo.)

316 3381 347 3438 lu
369 3381 497 3439 oratione
519 3395 572 3452 pro
591 3379 694 3447 dlilone
714 3379 784 3437 nibil
811 3380 902 3438 dicam
931 3381 968 3438 da
988 3381 1161 3456 praenomine
1185 3413 1190 3424 ·

225 3465 386 3522 necessario
418 3464 447 3520 iu
471 3467 492 3533 s
512 3463 554 3520 26
584 3480 621 3520 cx
641 3463 924 3538 precedentilittcra
946 3471 1036 3521 eruto.
1099 3465 1159 3524 Sed
1185 3525 1186 3531 χ

3 3605 4 3614 ,
66 3579 69 3598 ι
119 3546 121 3550 ’
200 3551 242 3616 ιδ
263 3549 304 3604 (lb
328 3554 439 3606 secutus
461 3563 533 3605 nunc
553 3563 613 3604 sum
637 3548 826 3604 coniecturam
848 3547 915 3604 olim
936 3547 1049 3605 silentio
1072 3564 1157 3628 pres·
1266 3611 1267 3616 η

220 3647 288 3687 sam.
334 3632 402 3688 Nam
430 3631 505 3706 quod
533 3631 562 3686 in
593 3630 738 3688 codicibus
770 3629 922 3688 scribitur:
965 3630 1041 3701 Quia
1059 3631 1157 3696 ,etium

217 3713 309 3782 sumit
341 3713 501 3773 audiendam
528 3727 607 3786 popo
628 3715 751 3770 Licinum
772 3719 843 3783 etc,
879 3713 910 3770 id
939 3713 1051 3786 nullum·
1069 3714 1153 3770 aliurn
1266 3699 1267 3732 *

191 3829 192 3832 =
220 3797 320 3870 recipit
352 3797 521 3858 coniunctim
554 3796 629 3860 modi
657 3797 827 3857 intellectum
859 3795 913 3856 nisi
943 3785 1043 3856 bunc
1076 3797 1154 3866 Quin
