2490 4316
259 209 331 288 'ur
621 223 856 286 oacrio

277 401 387 478 tiones,
409 395 561 482 Omrpana
574 403 605 461 et
623 397 782 480 Leontina,
799 401 830 464 in
844 397 950 484 populi
966 399 1092 474 Romani
1106 402 1194 486 palri-

277 481 883 630 Ψ
907 485 1194 632 manuum

279 654 395 717 rhetori
417 651 496 726 duo;
540 648 612 730 quid
634 653 661 713 si
689 659 719 714 te
740 613 885 714 disertum
906 651 1011 714 tacere
1034 652 1193 734 potuisset?

167 731 341 804 dorassem
363 737 400 798 ud
424 737 483 798 iter
503 734 677 815 Italiamque
706 737 875 798 redeamus.
926 735 1087 798 Deduxisti
1116 737 1194 798 colo-

280 824 360 886 niem
383 818 564 895 Casilinum,
595 837 656 899 quo
681 818 785 881 Caesar
805 826 875 880 ente
897 818 1072 882 deduxerat
1120 818 1194 884 Can-

280 903 399 968 sulaisti
423 921 471 965 me
504 917 560 982 per
588 903 701 964 litteras
729 903 767 964 de
797 901 900 984 Capua
921 908 953 964 tu
977 903 1119 984 quidem,
1150 900 1195 964 sed

279 989 359 1052 idem
382 987 420 1050 de
442 985 576 1048 Casilino
597 985 845 1067 respondissem,
878 1003 1050 1067 possesne,
1080 987 1131 1048 ubi
1149 1002 1196 1046 eo-

278 1071 363 1136 lonia
379 1076 471 1144 esset,
497 1085 534 1131 eo
557 1069 707 1131 coloniam
729 1086 837 1131 novem
861 1069 927 1131 iure
944 1069 1110 1131 deducere.
1142 1069 1197 1130 lle-

255 1162 259 1171 '
301 1156 360 1233 avi,
384 1155 415 1216 in
435 1169 501 1216 eam
523 1152 773 1233 coloniamque
788 1159 870 1216 esset
891 1152 1046 1234 auspicato
1068 1152 1197 1226 deducta,

242 1265 248 1278 ·
278 1175 348 1302 gum
373 1242 455 1300 esset
476 1233 656 1314 incolumis,
687 1237 836 1298 coloniam
858 1252 966 1299 noram
988 1236 1056 1298 iure
1078 1235 1196 1306 dedacl3

174 1377 177 1383 .
277 1323 406 1384 colonos
433 1335 531 1380 novos
562 1316 693 1380 adscribi
721 1336 818 1402 posse
839 1318 994 1400 rescripsi.
1040 1318 1087 1383 Tu
1108 1327 1197 1381 autem

255 1404 438 1468 'insolentia
471 1403 585 1479 elatus,
633 1397 717 1463 omni
746 1403 950 1484 auspiciorum
979 1401 1047 1464 iure
1077 1403 1197 1477 turbato,

165 1515 193 1526 -·
277 1487 443 1551 Casilinum
464 1486 615 1550 coloniam
638 1486 882 1568 deduxistime
905 1491 969 1548 erat
989 1487 1097 1566 paucis
1120 1485 1198 1549 annis

276 1578 346 1635 ente
369 1570 507 1649 deducta,
543 1575 575 1632 ut
594 1570 738 1632 vexillum
760 1569 914 1646 tolleres„
935 1575 967 1631 ut
988 1576 1120 1632 amanum
1141 1570 1197 1630 cir·

277 1653 493 1730 cumduoeres3
535 1655 622 1716 caius
651 1652 773 1734 quidem
803 1670 928 1715 vomere
950 1659 1069 1734 portam
1095 1653 1197 1734 Capue
1237 1655 1239 1670 ⁴

177 1755 181 1768 ⁸
276 1753 364 1827 pene
386 1737 606 1819 perstrinxisti,
643 1743 677 1798 ut
704 1735 840 1798 florentis
862 1736 992 1800 colonie
1021 1737 1197 1798 territorium

215 1833 267 1882 loe
280 1822 472 1885 minueretur.
519 1819 567 1883 Ab
599 1820 657 1882 hac
684 1819 868 1902 religionum
897 1819 1126 1902 perturbatione
1149 1818 1197 1880 ad-

277 1903 364 2004 volas
385 1904 416 1966 in
441 1903 480 1967 ll.
501 1902 662 2000 Varronis,
694 1902 876 2000 sanctissimi
899 1908 989 1983 atquc
1017 1900 1195 1985 integerrimi

176 2127 182 2134 ,
276 1986 687 2154 rufinianum
709 1984 917 2131 tauri?
930 1985 1197 2150 ailitem

277 2154 423 2220 heredum
447 2153 479 2216 1..
501 2153 631 2215 'lirrselii
653 2153 784 2234 predia,
817 2170 877 2234 quo
899 2153 931 2214 in
953 2153 1091 2233 reliquas
1112 2153 1196 2214 innu-

276 2238 440 2302 merabiles
461 2237 685 2320 possessiones.
725 2236 762 2298 llt
778 2237 805 2299 si
824 2237 862 2298 alr
878 2235 973 2312 laeam,
992 2235 1093 2298 ualeat
1108 2235 1196 2308 hasta,

277 2322 398 2385 valeant
417 2321 542 2397 tabule,
563 2319 654 2382 modo
677 2317 818 2396 Cesaris,
838 2337 900 2382 non
922 2325 990 2393 tue,
1013 2319 1124 2399 quibas
1146 2318 1196 2380 de-

274 2405 388 2481 lruisti,
420 2423 481 2468 non
504 2405 614 2484 mribus
635 2409 667 2466 tu
690 2409 721 2464 te
745 2403 919 2466 liberavisti.
964 2400 1114 2466 Varronis
1135 2401 1196 2482 qai·

277 2490 345 2553 dem
367 2487 537 2550 Casinatem
560 2487 683 2549 lundum
710 2486 780 2566 quis
810 2486 959 2549 vonisse1
995 2485 1094 2548 dicit?
1136 2484 1196 2565 quis

276 2572 392 2635 hastam
421 2573 510 2634 istius
539 2570 721 2633 venditionis
746 2569 846 2632 vidit?
888 2570 956 2651 quis
985 2585 1094 2631 vocem
1123 2585 1196 2651 pre»

276 2656 363 2718 conis
395 2654 533 2716 audivit?
576 2653 696 2716 ilisisse
719 2658 749 2714 te
774 2653 850 2716 dicis
876 2651 1120 2730 Alexandream,
1152 2649 1195 2732 qai

274 2743 392 2801 emeret
415 2754 432 2799 e
456 2735 584 2800 Cesare.
626 2737 640 2798 l
663 2753 728 2798 sam
751 2738 832 2798 euim
860 2741 1040 2818 exspectare
1062 2750 1195 2818 magnum

215 2831 267 2882 1⁰4
275 2821 349 2886 laitl
396 2819 471 2894 Quis
492 2838 566 2882 vero
589 2755 701 2884 audivit
720 2833 859 2900 umquam
882 2819 1006 2900 (nullius
1028 2825 1128 2880 autem
1148 2835 1195 2880 sa-

276 2907 324 2970 lus
360 2921 441 2968 cure
471 2905 609 2987 pluribus
639 2901 707 2984 luit)
741 2901 779 2964 de
807 2902 935 2966 fortunis
965 2900 1113 2964 Varronis
1138 2915 1195 2962 rem

275 2990 370 3052 ullam
398 3003 470 3052 esse
498 2986 686 3051 detractam?
732 2984 829 3063 Quid,
861 2987 887 3049 si
911 2986 1001 3048 etiam
1024 2986 1145 3066 scripsit
1163 2979 1193 3044 ad
1237 2967 1238 3056 l

275 3077 306 3135 te
329 3071 449 3149 Cesar,
484 3079 517 3135 ut
542 3069 711 3134 redderes?
742 3070 830 3150 «quid
853 3070 927 3133 satis
951 3075 1052 3150 potest
1079 3069 1139 3132 dici
1162 3064 1193 3127 dc
1237 3059 1238 3147 l

133 3182 135 3192 ·
191 3187 197 3198 ,
275 3161 357 3219 tanta
379 3155 589 3236 impudentia?
632 3154 765 3216 Remove
789 3153 908 3236 gladios
936 3169 1100 3235 parumper
1123 3151 1192 3224 illos,

276 3257 354 3322 quos
386 3238 540 3314 ridemus3
583 3239 642 3302 iarn
663 3237 835 3320 intelliges,
868 3237 956 3300 eliam
984 3253 1108 3298 causam
1132 3247 1192 3296 esse

274 3321 369 3386 liaste
389 3321 537 3397 timearis,
564 3322 655 3384 aliem
678 3319 866 3384 conlidentiae
888 3327 918 3382 et
937 3319 1112 3382 temeritatis
1135 3325 1191 3379 tae.

274 3405 342 3470 lton
362 3407 442 3468 onim
464 3411 494 3468 te
517 3403 655 3467 dominas
679 3403 770 3467 modo
792 3405 852 3467 illis
877 3404 1020 3480 sedibus,
1052 3401 1109 3463 sed
1130 3400 1191 3481 qai-

275 3489 321 3554 vis
344 3490 469 3564 amicus,
497 3489 625 3566 uicinus,
646 3487 773 3569 hospes,
796 3493 975 3569 procurator
997 3485 1122 3548 arcebit
1158 3481 1192 3542 lll
1235 3485 1237 3522 ⁴

275 3591 365 3656 quem
393 3573 504 3634 multos
535 3571 601 3637 dies
629 3572 661 3636 in
693 3589 731 3637 ca
762 3572 833 3637 villu
856 3570 1030 3656 turpissime
1058 3573 1106 3633 est
1125 3581 1190 3650 per·

313 3767 323 3800 ¹
351 3767 407 3820 Vct.
424 3793 459 3806 ·-
476 3769 599 3824 veniisse.
638 3803 641 3810 η
