2468 4318
238 221 274 272 ω
585 214 824 274 ΟῚΗΑΤΙΟ

128 384 176 458 le
192 411 228 463 so
239 389 348 474 spoliis
370 392 507 454 ornatum
534 388 738 472 reliquissent.
783 389 871 454 Bono
899 393 932 454 te
945 397 948 404 ’
963 387 1068 456 animo
1100 394 1182 468 tum,

238 474 275 548 Q.
299 473 455 549 Hortensi,
499 472 629 556 populus
652 472 823 554 Romanus,
867 481 899 538 et
926 479 1074 554 ceteros,
1122 479 1184 558 qui

238 563 325 621 crant
341 559 373 620 in
398 556 502 620 eadem
520 557 678 637 sententia,
703 557 806 621 dicere
825 557 1008 620 existimavit
1028 576 1081 636 ea,
1106 577 1184 640 quae

238 641 428 715 sentiebatis3
451 639 506 703 sed
526 645 626 702 tamen
649 642 682 702 in
707 641 805 703 salute
830 641 981 704 communi
1004 642 1092 705 idern
1112 661 1184 724 pc-

238 725 329 807 pulus
349 722 499 786 Romanus
523 723 623 786 dolori
653 741 710 786 suo
738 725 843 787 maluit
875 743 966 806 quam
998 727 1185 789 auctoritati

238 813 348 870 vestrae
372 807 589 889 obtemperare.
623 806 727 888 ltaque
748 824 809 871 una
828 809 889 887 lex,
910 825 989 871 unus
1010 809 1071 886 vir,
1095 827 1184 872 unus

198 945 200 950 .
241 907 336 952 annus
367 907 429 952 non
461 889 551 953 modo
588 906 645 952 nos
679 891 732 954 illu
766 893 889 954 miseria
918 910 954 954 ac
982 893 1184 972 turpitudine

240 973 398 1051 liberavit,
420 974 583 1037 sedetiam
605 973 725 1053 ellecit,
743 981 776 1038 ut
798 975 960 1056 aliquando
981 991 1059 1038 vere
1082 976 1185 1038 vide-

239 1073 341 1120 remur
363 1059 501 1120 omnibus
520 1056 666 1140 'gentibus
688 1076 723 1120 oc
741 1059 915 1120 nationibus
929 1066 1014 1121 terra
1030 1061 1184 1140 marique

194 1141 400 1222 erimperare.
452 1141 518 1214 Quo
540 1140 612 1203 mibi
637 1142 726 1203 etiam
753 1142 908 1224 indignius
930 1142 1071 1219 videtur,
1115 1145 1185 1206 ob-

241 1230 399 1287 trectatum
422 1242 492 1287 esse
515 1223 630 1301 adbuc,
668 1224 796 1287 Gabinio
830 1225 929 1288 dicam
964 1243 1042 1288 anne
1079 1225 1185 1289 Pom-

239 1308 312 1391 peio
345 1327 386 1371 an
418 1309 540 1389 utrique
565 1307 608 1388 (id
629 1309 783 1388 quodest
802 1308 945 1388 verius)‘t
978 1327 1018 1372 ne
1041 1309 1185 1392 legare-

219 1397 290 1454 tur
309 1391 347 1454 Α.
366 1391 509 1454 Gabinius
527 1390 580 1452 Cn.
600 1390 744 1473 Pompeio
763 1393 918 1473 expetenti
937 1410 973 1454 ac
992 1393 1185 1474 postulanti.

242 1475 345 1538 Utrum
363 1476 425 1554 ille,
446 1475 497 1557 qui
515 1474 649 1555 postulet
672 1474 709 1537 ad
730 1481 842 1538 tantum
864 1475 976 1538 bellum
999 1477 1145 1558 legatum
1159 1479 1185 1555 ¹,

241 1577 331 1644 quem
355 1559 447 1639 velit,
479 1558 607 1621 idoneus
631 1563 779 1634 nonest,
812 1559 864 1639 qui
885 1560 1039 1640 impetret,
1081 1578 1185 1641 quum

241 1644 336 1708 ceteri
359 1643 397 1707 ad
421 1641 599 1725 expilandos
629 1643 733 1704 socios
763 1641 1010 1723 diripiendasque
1037 1647 1184 1723 provin-

236 1725 324 1804 cias,
355 1743 432 1808 quos
464 1725 643 1803 voluerunt,
677 1727 794 1808 legatos
817 1726 993 1803 eduxerint,
1031 1744 1073 1788 an
1096 1729 1185 1810 ipse,

241 1813 327 1875 cuius
353 1810 425 1892 lege
454 1807 537 1872 sulus
569 1826 605 1871 oc
631 1808 762 1892 dignitas
784 1809 900 1892 populo
920 1809 1056 1871 Romano
1083 1818 1185 1893 atque

241 1893 380 1958 omnibus
401 1893 540 1977 gentibus
562 1893 722 1956 constituto
744 1900 808 1972 est,
854 1911 964 1974 expers
987 1909 1058 1954 esse
1084 1894 1185 1958 debet

241 1978 350 2062 glorie
373 1977 439 2039 eius
470 1977 661 2058 imperatoris
692 1984 784 2058 atque
813 1977 879 2039 eius
909 1977 1082 2056 exercituS,
1123 1982 1186 2060 qui

196 2060 371 2134 &consilio
403 2059 500 2141 ipsius
534 2077 570 2121 ao
603 2061 741 2142 periculo
777 2065 824 2123 est
857 2059 1065 2122 constitutus?
1125 2063 1186 2126 An

243 2143 277 2207 G.
298 2142 465 2221 Falcidius,
504 2141 539 2216 Q.
567 2141 729 2223 Metellus,
771 2144 807 2217 0.
837 2141 948 2206 Caelius
976 2143 1184 2224 Latiniensis,

241 2226 480 2310 quLentulus,
526 2243 603 2307 quos
634 2244 740 2290 omnes
769 2227 895 2290 honoris
920 2245 1012 2290 causa
1032 2229 1183 2306 nomino,

167 2387 170 2392 ¹
236 2329 332 2394 quum
352 2310 463 2372 tribuni
485 2309 584 2392 plebis
613 2309 762 2388 luissent,
798 2327 877 2373 anno
907 2312 1047 2392 proximo
1076 2311 1183 2396 legati

240 2413 312 2459 esse
334 2399 514 2478 potuerunt,
548 2395 580 2456 in
603 2395 691 2457 uno²
713 2395 840 2458 Gabinio
863 2401 932 2456 sunt
952 2401 1011 2456 tam
1034 2393 1184 2477 diligen-

240 2487 298 2559 tes,
320 2479 422 2562 quiin
443 2478 503 2540 hoc
526 2477 618 2556 bello,
644 2478 726 2559 quod
746 2479 818 2562 lege
841 2477 968 2541 Gabinia
987 2478 1118 2560 geritur,
1144 2482 1184 2544 in

239 2563 301 2627 boc
321 2564 504 2645 imperatore
527 2567 617 2642 atque
641 2565 795 2641 exercitu,
830 2579 920 2642 quem
944 2580 1000 2643 per
1016 2567 1079 2622 'vos
1103 2564 1182 2644 ipse

241 2647 412 2724 constituit,
444 2647 537 2707 etiam
564 2646 718 2726 praecipuo
739 2647 807 2708 iure
830 2662 900 2707 esse
924 2642 1075 2707 deberet?
1125 2646 1183 2708 De

240 2746 301 2812 quo
323 2728 455 2812 legando
477 2728 619 2791 consules
641 2729 756 2811 sper0³
778 2727 816 2791 ad
837 2735 974 2791 senatum
994 2729 1156 2792 relaturos
1167 2752 1180 2807 ;

144 2847 146 2850 ·
241 2813 293 2896 qui
317 2814 345 2878 si
367 2811 542 2875 dubitabunt
565 2819 615 2875 aut
636 2814 857 2895 gravabuntur,
898 2830 957 2894 ego
990 2831 1040 2875 me
1069 2813 1180 2894 proli-

240 2903 308 2959 teor
330 2896 509 2970 relaturum3
548 2914 647 2976 neque
670 2915 718 2958 me
741 2896 886 2977 impediet
909 2897 1086 2978 cuiusquam
1107 2898 1178 2958 ini-

240 2979 377 3044 micum*
395 2979 534 3056 edictum,
558 2981 750 3062 quominus,
774 2980 861 3042 vobis
883 2978 1014 3058 fretus⁵,
1035 2987 1177 3043 vestrum

239 3064 289 3130 ius
311 3060 550 3144 beneficiumque
581 3061 757 3141 delendam3
797 3081 898 3144 neque
927 3067 1038 3145 praeter
1070 3063 1180 3126 inter-

230 3146 412 3228 cessionem
436 3145 597 3226 quidquam
627 3147 763 3223 audiam3
805 3145 843 3209 de
867 3165 926 3229 qua
959 3146 1004 3228 (ut
1025 3145 1177 3228 arbitror)

241 3232 292 3295 isti
309 3229 385 3312 ipsi,
409 3229 460 3311 qul
482 3231 649 3310 minantur,
674 3233 763 3294 etiem
787 3237 878 3310 atque
904 3230 1011 3309 etiam,
1033 3231 1107 3310 quid
1129 3229 1178 3292 li-

241 3320 328 3393 cest,
366 3312 609 3376 considerabunt.
651 3313 718 3376 Mea
741 3314 860 3396 quidem
881 3314 1049 3390 sententia,
1091 3313 1177 3387 Qui-

239 3399 324 3475 rites,
345 3414 423 3460 unias
446 3397 483 3458 A.
502 3395 645 3460 Gabinius
668 3397 742 3460 belli
765 3397 903 3459 maritimi
925 3414 1089 3478 rerumque
1111 3415 1176 3478 ge-

240 3488 353 3545 starum
378 3480 431 3541 Cn.
453 3479 598 3564 Pompeio
631 3483 734 3546 socius
767 3481 966 3560 adscribitur,
1005 3485 1176 3563 propterea

278 3683 341 3736 ¹3.
360 3686 553 3754 -leg.adt.
572 3689 633 3741 bell.
668 3686 732 3740 ’lt
757 3687 813 3740 cot.
832 3715 866 3726 ·-
885 3688 936 3740 hcc
955 3703 1017 3739 uno.
1055 3683 1121 3737 Ἐ
1140 3685 1176 3738 H.

274 3757 332 3808 cdd.
350 3764 408 3807 cett.
427 3765 459 3791 -'
478 3771 557 3824 spero
579 3759 710 3811 consules.
754 3758 767 3790 ⁴
789 3756 822 3811 ll.
841 3759 972 3826 Hittorp„
1000 3757 1090 3822 vestip.
1113 3763 1175 3807 cett.

277 3849 309 3861 ·-
327 3827 489 3892 cuiusquam,
508 3827 633 3892 Quirites,
661 3830 803 3882 inimicum.
864 3825 928 3877 Ἐἰ
951 3851 986 3865 -
1006 3827 1087 3880 iaetus
1109 3826 1175 3876 vob.
