<?xml version="1.0" encoding="UTF-8"?>
<!DOCTYPE html PUBLIC "-//W3C//DTD XHTML 1.0 Transitional//EN"
    "http://www.w3.org/TR/xhtml1/DTD/xhtml1-transitional.dtd">
<html xmlns="http://www.w3.org/1999/xhtml" xml:lang="en" lang="en">
 <head>
  <title>
</title>
<meta http-equiv="Content-Type" content="text/html;charset=utf-8" />
  <meta name='ocr-system' content='tesseract 3.04.00' />
  <meta name='ocr-capabilities' content='ocr_page ocr_carea ocr_par ocr_line ocrx_word'/>
</head>
<body>
  <div class='ocr_page' id='page_1' title='image "./orationesselect00madvgoog_0207.png"; bbox 0 0 2468 4318; ppageno 0'>
   <div class='ocr_carea' id='block_1_1' title="bbox 240 149 822 208">
    <p class='ocr_par' dir='ltr' id='par_1_1' title="bbox 240 149 822 208">
     <span class='ocr_line' id='line_1_1' title="bbox 240 149 822 208; baseline 0 -3"><span class='ocrx_word' id='word_1_1' title='bbox 240 154 291 206; x_wconf 70' lang='grc'><strong>151</strong></span> <span class='ocrx_word' id='word_1_2' title='bbox 583 149 822 208; x_wconf 65' lang='lat' dir='ltr'><strong>(linio</strong></span> 
     </span>
    </p>
   </div>
   <div class='ocr_carea' id='block_1_2' title="bbox 193 323 1178 575">
    <p class='ocr_par' dir='ltr' id='par_1_2' title="bbox 193 323 1178 575">
     <span class='ocr_line' id='line_1_2' title="bbox 238 323 1177 408; baseline 0.005 -20"><span class='ocrx_word' id='word_1_3' title='bbox 238 324 320 388; x_wconf 89' lang='lat' dir='ltr'><strong>bunc</strong></span> <span class='ocrx_word' id='word_1_4' title='bbox 340 323 468 403; x_wconf 78' lang='lat' dir='ltr'><strong>iniuria,</strong></span> <span class='ocrx_word' id='word_1_5' title='bbox 491 323 597 406; x_wconf 79' lang='lat' dir='ltr'><strong>iniquo</strong></span> <span class='ocrx_word' id='word_1_6' title='bbox 618 325 705 400; x_wconf 87' lang='lat' dir='ltr'><strong>loco,</strong></span> <span class='ocrx_word' id='word_1_7' title='bbox 724 323 826 386; x_wconf 78' lang='lat' dir='ltr'><strong>alieno</strong></span> <span class='ocrx_word' id='word_1_8' title='bbox 851 329 1008 405; x_wconf 85' lang='lat' dir='ltr'><strong>tempure,</strong></span> <span class='ocrx_word' id='word_1_9' title='bbox 1029 328 1177 408; x_wconf 81' lang='lat' dir='ltr'><strong>periculo</strong></span> 
     </span>
     <span class='ocr_line' id='line_1_3' title="bbox 193 407 1178 492; baseline 0.004 -20"><span class='ocrx_word' id='word_1_10' title='bbox 193 409 348 489; x_wconf 69' lang='lat' dir='ltr'><strong>decipitis</strong></span> <span class='ocrx_word' id='word_1_11' title='bbox 368 426 430 470; x_wconf 91' lang='lat' dir='ltr'><strong>non</strong></span> <span class='ocrx_word' id='word_1_12' title='bbox 451 408 596 470; x_wconf 79' lang='lat' dir='ltr'><strong>dubitavit</strong></span> <span class='ocrx_word' id='word_1_13' title='bbox 615 407 783 470; x_wconf 86' lang='lat' dir='ltr'><strong>occidere?</strong></span> <span class='ocrx_word' id='word_1_14' title='bbox 826 410 1012 490; x_wconf 75' lang='lat' dir='ltr'><strong>presertim,</strong></span> <span class='ocrx_word' id='word_1_15' title='bbox 1039 412 1178 492; x_wconf 88' lang='lat' dir='ltr'><strong>iudices,</strong></span> 
     </span>
     <span class='ocr_line' id='line_1_4' title="bbox 239 491 1178 575; baseline 0.003 -21"><span class='ocrx_word' id='word_1_16' title='bbox 239 511 332 575; x_wconf 81' lang='lat' dir='ltr'><strong>quum</strong></span> <span class='ocrx_word' id='word_1_17' title='bbox 357 491 483 554; x_wconf 92' lang='lat' dir='ltr'><strong>bonoris</strong></span> <span class='ocrx_word' id='word_1_18' title='bbox 504 493 680 572; x_wconf 80' lang='lat' dir='ltr'>amplissimi</span> <span class='ocrx_word' id='word_1_19' title='bbox 702 493 857 554; x_wconf 87' lang='lat' dir='ltr'><strong>contentio</strong></span> <span class='ocrx_word' id='word_1_20' title='bbox 878 497 909 552; x_wconf 86' lang='lat' dir='ltr'><strong>et</strong></span> <span class='ocrx_word' id='word_1_21' title='bbox 929 491 995 556; x_wconf 86' lang='lat' dir='ltr'><strong>dies</strong></span> <span class='ocrx_word' id='word_1_22' title='bbox 1024 497 1178 557; x_wconf 86' lang='lat' dir='ltr'><strong>comitio-</strong></span> 
     </span>
    </p>
   </div>
   <div class='ocr_carea' id='block_1_3' title="bbox 109 574 1177 3586">
    <p class='ocr_par' dir='ltr' id='par_1_3' title="bbox 109 574 1177 2826">
     <span class='ocr_line' id='line_1_5' title="bbox 238 574 1177 660; baseline 0 -20"><span class='ocrx_word' id='word_1_23' title='bbox 238 594 306 640; x_wconf 85' lang='lat' dir='ltr'><strong>rum</strong></span> <span class='ocrx_word' id='word_1_24' title='bbox 321 575 460 640; x_wconf 87' lang='lat' dir='ltr'><strong>subesset</strong></span> <span class='ocrx_word' id='word_1_25' title='bbox 466 594 477 648; x_wconf 92' lang='lat'>;</span> <span class='ocrx_word' id='word_1_26' title='bbox 496 593 557 653; x_wconf 82' lang='lat' dir='ltr'><strong>quo</strong></span> <span class='ocrx_word' id='word_1_27' title='bbox 573 577 693 656; x_wconf 84' lang='lat' dir='ltr'><strong>qnidam</strong></span> <span class='ocrx_word' id='word_1_28' title='bbox 709 582 846 654; x_wconf 84' lang='lat' dir='ltr'><strong>tempore</strong></span> <span class='ocrx_word' id='word_1_29' title='bbox 862 574 944 659; x_wconf 88' lang='lat' dir='ltr'><strong>(scio</strong></span> <span class='ocrx_word' id='word_1_30' title='bbox 961 577 1053 654; x_wconf 91' lang='lat' dir='ltr'><strong>enim,</strong></span> <span class='ocrx_word' id='word_1_31' title='bbox 1080 598 1177 660; x_wconf 84' lang='lat' dir='ltr'><strong>qnam</strong></span> 
     </span>
     <span class='ocr_line' id='line_1_6' title="bbox 238 658 1173 740; baseline -0.001 -16"><span class='ocrx_word' id='word_1_32' title='bbox 238 659 342 724; x_wconf 84' lang='lat' dir='ltr'><strong>timida</strong></span> <span class='ocrx_word' id='word_1_33' title='bbox 362 659 402 720; x_wconf 85' lang='lat' dir='ltr'><strong>sit</strong></span> <span class='ocrx_word' id='word_1_34' title='bbox 422 658 545 719; x_wconf 88' lang='lat' dir='ltr'><strong>ambitio</strong></span> <span class='ocrx_word' id='word_1_35' title='bbox 566 667 739 740; x_wconf 81' lang='lat' dir='ltr'><strong>quantaque</strong></span> <span class='ocrx_word' id='word_1_36' title='bbox 758 665 790 719; x_wconf 88' lang='lat' dir='ltr'><strong>et</strong></span> <span class='ocrx_word' id='word_1_37' title='bbox 820 677 910 739; x_wconf 62' lang='lat' dir='ltr'><strong>mam</strong></span> <span class='ocrx_word' id='word_1_38' title='bbox 936 660 1070 722; x_wconf 89' lang='lat' dir='ltr'><strong>sollicita</strong></span> <span class='ocrx_word' id='word_1_39' title='bbox 1102 664 1173 724; x_wconf 89' lang='lat' dir='ltr'><strong>sit¹</strong></span> 
     </span>
     <span class='ocr_line' id='line_1_7' title="bbox 238 742 1176 826; baseline 0.003 -21"><span class='ocrx_word' id='word_1_40' title='bbox 238 743 387 823; x_wconf 78' lang='lat' dir='ltr'>cupiditas</span> <span class='ocrx_word' id='word_1_41' title='bbox 407 742 604 820; x_wconf 67' lang='lat' dir='ltr'><strong>consulatus)</strong></span> <span class='ocrx_word' id='word_1_42' title='bbox 626 745 727 806; x_wconf 88' lang='lat' dir='ltr'><strong>omnia</strong></span> <span class='ocrx_word' id='word_1_43' title='bbox 747 759 810 802; x_wconf 93' lang='lat' dir='ltr'><strong>non</strong></span> <span class='ocrx_word' id='word_1_44' title='bbox 832 742 933 819; x_wconf 94' lang='lat' dir='ltr'><strong>modo,</strong></span> <span class='ocrx_word' id='word_1_45' title='bbox 958 761 1026 823; x_wconf 79' lang='lat' dir='ltr'><strong>quae</strong></span> <span class='ocrx_word' id='word_1_46' title='bbox 1051 763 1176 826; x_wconf 84' lang='lat' dir='ltr'><strong>repre-</strong></span> 
     </span>
     <span class='ocr_line' id='line_1_8' title="bbox 237 824 1176 910; baseline 0.004 -22"><span class='ocrx_word' id='word_1_47' title='bbox 237 825 330 888; x_wconf 88' lang='lat' dir='ltr'><strong>bendi</strong></span> <span class='ocrx_word' id='word_1_48' title='bbox 351 824 462 904; x_wconf 88' lang='lat' dir='ltr'><strong>palam,</strong></span> <span class='ocrx_word' id='word_1_49' title='bbox 485 825 540 886; x_wconf 93' lang='lat' dir='ltr'><strong>sed</strong></span> <span class='ocrx_word' id='word_1_50' title='bbox 562 828 650 887; x_wconf 90' lang='lat' dir='ltr'><strong>etiam</strong></span> <span class='ocrx_word' id='word_1_51' title='bbox 672 843 740 907; x_wconf 81' lang='lat' dir='ltr'><strong>qnae</strong></span> <span class='ocrx_word' id='word_1_52' title='bbox 762 825 912 887; x_wconf 74' lang='lat' dir='ltr'><strong>obscure²</strong></span> <span class='ocrx_word' id='word_1_53' title='bbox 935 827 1067 908; x_wconf 84' lang='lat' dir='ltr'><strong>cogitari</strong></span> <span class='ocrx_word' id='word_1_54' title='bbox 1090 847 1176 910; x_wconf 93' lang='lat' dir='ltr'><strong>pos-</strong></span> 
     </span>
     <span class='ocr_line' id='line_1_9' title="bbox 237 908 1175 993; baseline 0.003 -22"><span class='ocrx_word' id='word_1_55' title='bbox 237 914 317 984; x_wconf 87' lang='lat' dir='ltr'><strong>sunt,</strong></span> <span class='ocrx_word' id='word_1_56' title='bbox 342 910 491 985; x_wconf 65' lang='lat' dir='ltr'><strong>timemus</strong></span> <span class='ocrx_word' id='word_1_57' title='bbox 509 927 672 986; x_wconf 86' lang='lat' dir='ltr'><strong>rumorem,</strong></span> <span class='ocrx_word' id='word_1_58' title='bbox 693 908 825 970; x_wconf 80' lang='lat' dir='ltr'><strong>fabulam</strong></span> <span class='ocrx_word' id='word_1_59' title='bbox 846 909 952 986; x_wconf 79' lang='lat' dir='ltr'><strong>ficum,</strong></span> <span class='ocrx_word' id='word_1_60' title='bbox 974 910 1076 972; x_wconf 86' lang='lat' dir='ltr'><strong>levem</strong></span> <span class='ocrx_word' id='word_1_61' title='bbox 1092 911 1175 993; x_wconf 86' lang='lat' dir='ltr'><strong>per-</strong></span> 
     </span>
     <span class='ocr_line' id='line_1_10' title="bbox 236 991 1176 1071; baseline 0.004 -17"><span class='ocrx_word' id='word_1_62' title='bbox 236 991 459 1069; x_wconf 79' lang='lat' dir='ltr'><strong>horrescimus,</strong></span> <span class='ocrx_word' id='word_1_63' title='bbox 501 1009 557 1053; x_wconf 85' lang='lat' dir='ltr'><strong>ora</strong></span> <span class='ocrx_word' id='word_1_64' title='bbox 588 993 721 1054; x_wconf 89' lang='lat' dir='ltr'><strong>omnium</strong></span> <span class='ocrx_word' id='word_1_65' title='bbox 749 997 838 1071; x_wconf 86' lang='lat' dir='ltr'><strong>alque</strong></span> <span class='ocrx_word' id='word_1_66' title='bbox 867 992 974 1054; x_wconf 91' lang='lat' dir='ltr'><strong>oculos</strong></span> <span class='ocrx_word' id='word_1_67' title='bbox 1003 995 1176 1058; x_wconf 87' lang='lat' dir='ltr'><strong>intuemur.</strong></span> 
     </span>
     <span class='ocr_line' id='line_1_11' title="bbox 236 1074 1176 1154; baseline 0.002 -16"><span class='ocrx_word' id='word_1_68' title='bbox 236 1074 319 1138; x_wconf 88' lang='lat' dir='ltr'><strong>llibil</strong></span> <span class='ocrx_word' id='word_1_69' title='bbox 340 1081 387 1138; x_wconf 88' lang='lat' dir='ltr'><strong>est</strong></span> <span class='ocrx_word' id='word_1_70' title='bbox 409 1076 515 1136; x_wconf 79' lang='lat' dir='ltr'><strong>enim³</strong></span> <span class='ocrx_word' id='word_1_71' title='bbox 540 1081 599 1136; x_wconf 88' lang='lat' dir='ltr'><strong>tam</strong></span> <span class='ocrx_word' id='word_1_72' title='bbox 621 1077 731 1154; x_wconf 92' lang='lat' dir='ltr'><strong>molle,</strong></span> <span class='ocrx_word' id='word_1_73' title='bbox 764 1081 824 1136; x_wconf 90' lang='lat' dir='ltr'><strong>tam</strong></span> <span class='ocrx_word' id='word_1_74' title='bbox 845 1081 997 1154; x_wconf 88' lang='lat' dir='ltr'><strong>tenerum,</strong></span> <span class='ocrx_word' id='word_1_75' title='bbox 1029 1083 1094 1140; x_wconf 70' lang='lat' dir='ltr'><strong>mm</strong></span> <span class='ocrx_word' id='word_1_76' title='bbox 1119 1087 1176 1142; x_wconf 76' lang='lat' dir='ltr'><strong>aut</strong></span> 
     </span>
     <span class='ocr_line' id='line_1_12' title="bbox 235 1157 1175 1242; baseline 0.003 -20"><span class='ocrx_word' id='word_1_77' title='bbox 235 1158 348 1240; x_wconf 75' lang='lat' dir='ltr'><strong>fragile</strong></span> <span class='ocrx_word' id='word_1_78' title='bbox 372 1164 422 1220; x_wconf 86' lang='lat' dir='ltr'><strong>aul</strong></span> <span class='ocrx_word' id='word_1_79' title='bbox 449 1157 583 1220; x_wconf 81' lang='lat' dir='ltr'><strong>flexibile</strong></span> <span class='ocrx_word' id='word_1_80' title='bbox 616 1178 706 1240; x_wconf 72' lang='grc' dir='ltr'>ᾳιιιιιιι</span> <span class='ocrx_word' id='word_1_81' title='bbox 735 1158 874 1220; x_wconf 84' lang='lat' dir='ltr'><strong>voluntas</strong></span> <span class='ocrx_word' id='word_1_82' title='bbox 906 1177 982 1242; x_wconf 85' lang='lat' dir='ltr'><strong>erga</strong></span> <span class='ocrx_word' id='word_1_83' title='bbox 1006 1178 1064 1222; x_wconf 94' lang='lat' dir='ltr'><strong>nos</strong></span> <span class='ocrx_word' id='word_1_84' title='bbox 1090 1181 1175 1224; x_wconf 90' lang='lat' dir='ltr'><strong>sen-</strong></span> 
     </span>
     <span class='ocr_line' id='line_1_13' title="bbox 236 1241 1175 1322; baseline 0.003 -16"><span class='ocrx_word' id='word_1_85' title='bbox 236 1260 351 1322; x_wconf 82' lang='lat' dir='ltr'><strong>susque</strong></span> <span class='ocrx_word' id='word_1_86' title='bbox 369 1243 489 1318; x_wconf 81' lang='lat' dir='ltr'><strong>civium,</strong></span> <span class='ocrx_word' id='word_1_87' title='bbox 520 1243 572 1322; x_wconf 88' lang='lat' dir='ltr'><strong>qui</strong></span> <span class='ocrx_word' id='word_1_88' title='bbox 595 1260 658 1304; x_wconf 92' lang='lat' dir='ltr'><strong>non</strong></span> <span class='ocrx_word' id='word_1_89' title='bbox 679 1243 769 1304; x_wconf 93' lang='lat' dir='ltr'><strong>modo</strong></span> <span class='ocrx_word' id='word_1_90' title='bbox 788 1241 972 1322; x_wconf 74' lang='lat' dir='ltr'><strong>improbitati</strong></span> <span class='ocrx_word' id='word_1_91' title='bbox 990 1243 1175 1308; x_wconf 87' lang='lat' dir='ltr'><strong>irascuntur</strong></span> 
     </span>
     <span class='ocr_line' id='line_1_14' title="bbox 235 1325 1174 1408; baseline 0.003 -20"><span class='ocrx_word' id='word_1_92' title='bbox 235 1325 480 1403; x_wconf 85' lang='lat' dir='ltr'><strong>candidatorum,</strong></span> <span class='ocrx_word' id='word_1_93' title='bbox 507 1325 563 1388; x_wconf 93' lang='lat' dir='ltr'><strong>sed</strong></span> <span class='ocrx_word' id='word_1_94' title='bbox 586 1327 675 1386; x_wconf 85' lang='lat' dir='ltr'><strong>etiam</strong></span> <span class='ocrx_word' id='word_1_95' title='bbox 696 1327 728 1388; x_wconf 90' lang='lat' dir='ltr'><strong>in</strong></span> <span class='ocrx_word' id='word_1_96' title='bbox 749 1331 834 1388; x_wconf 86' lang='lat' dir='ltr'><strong>recle</strong></span> <span class='ocrx_word' id='word_1_97' title='bbox 856 1325 946 1388; x_wconf 87' lang='lat' dir='ltr'><strong>lactis</strong></span> <span class='ocrx_word' id='word_1_98' title='bbox 966 1345 1050 1408; x_wconf 85' lang='lat' dir='ltr'><strong>saepe</strong></span> <span class='ocrx_word' id='word_1_99' title='bbox 1073 1328 1174 1391; x_wconf 84' lang='lat' dir='ltr'><strong>fasti-</strong></span> 
     </span>
     <span class='ocr_line' id='line_1_15' title="bbox 187 1407 1174 1494; baseline 0.003 -21"><span class='ocrx_word' id='word_1_100' title='bbox 187 1409 327 1476; x_wconf 81' lang='lat' dir='ltr'><strong>tadiont</strong></span> <span class='ocrx_word' id='word_1_101' title='bbox 381 1407 468 1471; x_wconf 89' lang='lat' dir='ltr'><strong>llunc</strong></span> <span class='ocrx_word' id='word_1_102' title='bbox 497 1410 588 1490; x_wconf 86' lang='lat' dir='ltr'><strong>igitur</strong></span> <span class='ocrx_word' id='word_1_103' title='bbox 617 1409 724 1471; x_wconf 68' lang='lat' dir='ltr'><strong>diem*</strong></span> <span class='ocrx_word' id='word_1_104' title='bbox 760 1409 860 1490; x_wconf 91' lang='lat' dir='ltr'><strong>campi</strong></span> <span class='ocrx_word' id='word_1_105' title='bbox 888 1417 1041 1490; x_wconf 83' lang='lat' dir='ltr'><strong>speratum</strong></span> <span class='ocrx_word' id='word_1_106' title='bbox 1073 1419 1174 1494; x_wconf 86' lang='lat' dir='ltr'><strong>atque</strong></span> 
     </span>
     <span class='ocr_line' id='line_1_16' title="bbox 234 1492 1173 1574; baseline 0.003 -18"><span class='ocrx_word' id='word_1_107' title='bbox 234 1498 408 1574; x_wconf 88' lang='lat' dir='ltr'><strong>exoptatum</strong></span> <span class='ocrx_word' id='word_1_108' title='bbox 432 1493 491 1554; x_wconf 93' lang='lat' dir='ltr'><strong>sibi</strong></span> <span class='ocrx_word' id='word_1_109' title='bbox 520 1507 695 1574; x_wconf 84' lang='lat' dir='ltr'><strong>proponens</strong></span> <span class='ocrx_word' id='word_1_110' title='bbox 721 1492 812 1569; x_wconf 93' lang='lat' dir='ltr'><strong>Milo,</strong></span> <span class='ocrx_word' id='word_1_111' title='bbox 849 1494 981 1556; x_wconf 86' lang='lat' dir='ltr'><strong>cruentis</strong></span> <span class='ocrx_word' id='word_1_112' title='bbox 1010 1495 1173 1574; x_wconf 87' lang='lat' dir='ltr'><strong>manibus,</strong></span> 
     </span>
     <span class='ocr_line' id='line_1_17' title="bbox 233 1575 1174 1656; baseline 0.005 -17"><span class='ocrx_word' id='word_1_113' title='bbox 233 1575 335 1640; x_wconf 88' lang='lat' dir='ltr'><strong>scelus</strong></span> <span class='ocrx_word' id='word_1_114' title='bbox 357 1583 389 1638; x_wconf 89' lang='lat' dir='ltr'><strong>et</strong></span> <span class='ocrx_word' id='word_1_115' title='bbox 412 1575 529 1639; x_wconf 82' lang='lat' dir='ltr'><strong>lacinus</strong></span> <span class='ocrx_word' id='word_1_116' title='bbox 551 1593 615 1656; x_wconf 70' lang='lat' dir='ltr'><strong>prae</strong></span> <span class='ocrx_word' id='word_1_117' title='bbox 635 1594 671 1638; x_wconf 94' lang='lat' dir='ltr'><strong>se</strong></span> <span class='ocrx_word' id='word_1_118' title='bbox 693 1575 796 1638; x_wconf 82' lang='lat' dir='ltr'><strong>serens</strong></span> <span class='ocrx_word' id='word_1_119' title='bbox 820 1581 850 1635; x_wconf 91' lang='lat' dir='ltr'><strong>et</strong></span> <span class='ocrx_word' id='word_1_120' title='bbox 872 1575 1019 1638; x_wconf 91' lang='lat' dir='ltr'><strong>conlitens</strong></span> <span class='ocrx_word' id='word_1_121' title='bbox 1046 1579 1091 1642; x_wconf 86' lang='lat' dir='ltr'><strong>ad</strong></span> <span class='ocrx_word' id='word_1_122' title='bbox 1114 1580 1174 1644; x_wconf 86' lang='lat' dir='ltr'><strong>illa</strong></span> 
     </span>
     <span class='ocr_line' id='line_1_18' title="bbox 233 1659 1173 1741; baseline 0.001 -17"><span class='ocrx_word' id='word_1_123' title='bbox 233 1666 362 1741; x_wconf 81' lang='lat' dir='ltr'><strong>augusta</strong></span> <span class='ocrx_word' id='word_1_124' title='bbox 382 1661 585 1741; x_wconf 79' lang='lat' dir='ltr'><strong>centuriarum</strong></span> <span class='ocrx_word' id='word_1_125' title='bbox 607 1660 742 1740; x_wconf 87' lang='lat' dir='ltr'><strong>auspicia</strong></span> <span class='ocrx_word' id='word_1_126' title='bbox 764 1659 929 1720; x_wconf 81' lang='lat' dir='ltr'><strong>veniebat?</strong></span> <span class='ocrx_word' id='word_1_127' title='bbox 975 1659 1072 1732; x_wconf 82' lang='lat' dir='ltr'><strong>Quam</strong></span> <span class='ocrx_word' id='word_1_128' title='bbox 1103 1662 1173 1726; x_wconf 92' lang='lat' dir='ltr'><strong>boc</strong></span> 
     </span>
     <span class='ocr_line' id='line_1_19' title="bbox 232 1741 1172 1823; baseline 0.003 -17"><span class='ocrx_word' id='word_1_129' title='bbox 232 1761 295 1806; x_wconf 90' lang='lat' dir='ltr'><strong>non</strong></span> <span class='ocrx_word' id='word_1_130' title='bbox 317 1743 462 1804; x_wconf 76' lang='lat' dir='ltr'><strong>credibile</strong></span> <span class='ocrx_word' id='word_1_131' title='bbox 487 1744 519 1803; x_wconf 90' lang='lat' dir='ltr'><strong>in</strong></span> <span class='ocrx_word' id='word_1_132' title='bbox 547 1741 625 1803; x_wconf 91' lang='lat' dir='ltr'><strong>bocl</strong></span> <span class='ocrx_word' id='word_1_133' title='bbox 671 1762 760 1823; x_wconf 89' lang='lat' dir='ltr'><strong>quam</strong></span> <span class='ocrx_word' id='word_1_134' title='bbox 786 1743 865 1806; x_wconf 90' lang='lat' dir='ltr'><strong>idem</strong></span> <span class='ocrx_word' id='word_1_135' title='bbox 895 1744 927 1804; x_wconf 92' lang='lat' dir='ltr'><strong>in</strong></span> <span class='ocrx_word' id='word_1_136' title='bbox 957 1741 1067 1806; x_wconf 84' lang='lat' dir='ltr'><strong>Clodio</strong></span> <span class='ocrx_word' id='word_1_137' title='bbox 1101 1764 1172 1808; x_wconf 91' lang='lat' dir='ltr'><strong>non</strong></span> 
     </span>
     <span class='ocr_line' id='line_1_20' title="bbox 232 1824 1172 1909; baseline 0.002 -20"><span class='ocrx_word' id='word_1_138' title='bbox 232 1825 443 1904; x_wconf 84' lang='lat' dir='ltr'><strong>dubitandum,</strong></span> <span class='ocrx_word' id='word_1_139' title='bbox 485 1827 598 1906; x_wconf 87' lang='lat' dir='ltr'><strong>quise</strong></span> <span class='ocrx_word' id='word_1_140' title='bbox 625 1825 785 1888; x_wconf 86' lang='lat' dir='ltr'><strong>interfecto</strong></span> <span class='ocrx_word' id='word_1_141' title='bbox 816 1824 931 1888; x_wconf 84' lang='lat' dir='ltr'><strong>Milone</strong></span> <span class='ocrx_word' id='word_1_142' title='bbox 963 1833 1172 1909; x_wconf 82' lang='lat' dir='ltr'><strong>regnaturum</strong></span> 
     </span>
     <span class='ocr_line' id='line_1_21' title="bbox 230 1907 1172 1992; baseline 0.004 -20"><span class='ocrx_word' id='word_1_143' title='bbox 230 1907 365 1992; x_wconf 86' lang='lat' dir='ltr'><strong>putaret!</strong></span> <span class='ocrx_word' id='word_1_144' title='bbox 392 1907 495 1982; x_wconf 83' lang='lat' dir='ltr'><strong>Quid?</strong></span> <span class='ocrx_word' id='word_1_145' title='bbox 525 1909 606 1991; x_wconf 83' lang='lat' dir='ltr'><strong>quod</strong></span> <span class='ocrx_word' id='word_1_146' title='bbox 627 1917 719 1992; x_wconf 89' lang='lat' dir='ltr'><strong>capnt</strong></span> <span class='ocrx_word' id='word_1_147' title='bbox 738 1917 786 1971; x_wconf 86' lang='lat' dir='ltr'><strong>est</strong></span> <span class='ocrx_word' id='word_1_148' title='bbox 807 1909 1007 1988; x_wconf 81' lang='lat' dir='ltr'><strong>[audaciae]⁶‚</strong></span> <span class='ocrx_word' id='word_1_149' title='bbox 1029 1911 1172 1989; x_wconf 59' lang='lat' dir='ltr'><strong>iudices</strong></span> 
     </span>
     <span class='ocr_line' id='line_1_22' title="bbox 231 1993 1170 2076; baseline 0.003 -19"><span class='ocrx_word' id='word_1_150' title='bbox 231 1993 299 2076; x_wconf 90' lang='lat' dir='ltr'><strong>quis</strong></span> <span class='ocrx_word' id='word_1_151' title='bbox 332 1993 470 2073; x_wconf 85' lang='lat' dir='ltr'><strong>ignorat,</strong></span> <span class='ocrx_word' id='word_1_152' title='bbox 508 1993 667 2054; x_wconf 83' lang='lat' dir='ltr'><strong>maximam</strong></span> <span class='ocrx_word' id='word_1_153' title='bbox 697 1993 873 2056; x_wconf 78' lang='lat' dir='ltr'><strong>illecebram</strong></span> <span class='ocrx_word' id='word_1_154' title='bbox 908 2011 978 2055; x_wconf 90' lang='lat' dir='ltr'><strong>esse</strong></span> <span class='ocrx_word' id='word_1_155' title='bbox 1009 1997 1170 2074; x_wconf 89' lang='lat' dir='ltr'><strong>peccandi</strong></span> 
     </span>
     <span class='ocr_line' id='line_1_23' title="bbox 230 2075 1169 2159; baseline 0.002 -20"><span class='ocrx_word' id='word_1_156' title='bbox 230 2076 416 2156; x_wconf 84' lang='lat' dir='ltr'><strong>impunitatis</strong></span> <span class='ocrx_word' id='word_1_157' title='bbox 444 2076 557 2158; x_wconf 88' lang='lat' dir='ltr'><strong>spem?</strong></span> <span class='ocrx_word' id='word_1_158' title='bbox 596 2077 630 2138; x_wconf 94' lang='lat' dir='ltr'><strong>ln</strong></span> <span class='ocrx_word' id='word_1_159' title='bbox 664 2084 734 2139; x_wconf 91' lang='lat' dir='ltr'><strong>utro</strong></span> <span class='ocrx_word' id='word_1_160' title='bbox 770 2078 863 2159; x_wconf 83' lang='lat' dir='ltr'><strong>igitur</strong></span> <span class='ocrx_word' id='word_1_161' title='bbox 894 2075 960 2138; x_wconf 82' lang='lat' dir='ltr'><strong>haec</strong></span> <span class='ocrx_word' id='word_1_162' title='bbox 991 2075 1076 2139; x_wconf 80' lang='lat' dir='ltr'><strong>luit?</strong></span> <span class='ocrx_word' id='word_1_163' title='bbox 1131 2081 1169 2142; x_wconf 89' lang='lat' dir='ltr'><strong>in</strong></span> 
     </span>
     <span class='ocr_line' id='line_1_24' title="bbox 229 2158 1169 2242; baseline 0.006 -20"><span class='ocrx_word' id='word_1_164' title='bbox 229 2159 362 2234; x_wconf 81' lang='lat' dir='ltr'><strong>Milone,</strong></span> <span class='ocrx_word' id='word_1_165' title='bbox 396 2159 447 2239; x_wconf 86' lang='lat' dir='ltr'><strong>qui</strong></span> <span class='ocrx_word' id='word_1_166' title='bbox 477 2161 566 2224; x_wconf 87' lang='lat' dir='ltr'><strong>etiam</strong></span> <span class='ocrx_word' id='word_1_167' title='bbox 587 2177 668 2222; x_wconf 91' lang='lat' dir='ltr'><strong>nunc</strong></span> <span class='ocrx_word' id='word_1_168' title='bbox 686 2174 759 2223; x_wconf 83' lang='lat' dir='ltr'><strong>reus</strong></span> <span class='ocrx_word' id='word_1_169' title='bbox 781 2166 828 2222; x_wconf 91' lang='lat' dir='ltr'><strong>est</strong></span> <span class='ocrx_word' id='word_1_170' title='bbox 848 2158 921 2222; x_wconf 87' lang='lat' dir='ltr'><strong>facti</strong></span> <span class='ocrx_word' id='word_1_171' title='bbox 942 2167 993 2222; x_wconf 91' lang='lat' dir='ltr'><strong>aut</strong></span> <span class='ocrx_word' id='word_1_172' title='bbox 1016 2163 1169 2242; x_wconf 75' lang='lat' dir='ltr'><strong>praeclari</strong></span> 
     </span>
     <span class='ocr_line' id='line_1_25' title="bbox 229 2243 1169 2324; baseline 0.003 -17"><span class='ocrx_word' id='word_1_173' title='bbox 229 2247 280 2307; x_wconf 88' lang='lat' dir='ltr'><strong>aut</strong></span> <span class='ocrx_word' id='word_1_174' title='bbox 300 2247 383 2304; x_wconf 88' lang='lat' dir='ltr'><strong>certe</strong></span> <span class='ocrx_word' id='word_1_175' title='bbox 403 2243 588 2322; x_wconf 80' lang='lat' dir='ltr'><strong>necessarii,</strong></span> <span class='ocrx_word' id='word_1_176' title='bbox 614 2261 653 2304; x_wconf 88' lang='lat' dir='ltr'><strong>an</strong></span> <span class='ocrx_word' id='word_1_177' title='bbox 674 2245 705 2306; x_wconf 93' lang='lat' dir='ltr'><strong>in</strong></span> <span class='ocrx_word' id='word_1_178' title='bbox 732 2243 858 2321; x_wconf 84' lang='lat' dir='ltr'><strong>Clodio,</strong></span> <span class='ocrx_word' id='word_1_179' title='bbox 883 2246 936 2324; x_wconf 85' lang='lat' dir='ltr'><strong>qui</strong></span> <span class='ocrx_word' id='word_1_180' title='bbox 966 2245 1008 2306; x_wconf 92' lang='lat' dir='ltr'><strong>ita</strong></span> <span class='ocrx_word' id='word_1_181' title='bbox 1042 2245 1169 2310; x_wconf 85' lang='lat' dir='ltr'><strong>iudicia</strong></span> 
     </span>
     <span class='ocr_line' id='line_1_26' title="bbox 227 2327 1169 2408; baseline 0.004 -20"><span class='ocrx_word' id='word_1_182' title='bbox 227 2343 418 2408; x_wconf 84' lang='lat' dir='ltr'><strong>poenamque</strong></span> <span class='ocrx_word' id='word_1_183' title='bbox 444 2332 682 2408; x_wconf 75' lang='lat' dir='ltr'><strong>contempserat,</strong></span> <span class='ocrx_word' id='word_1_184' title='bbox 718 2333 750 2390; x_wconf 90' lang='lat' dir='ltr'><strong>ut</strong></span> <span class='ocrx_word' id='word_1_185' title='bbox 776 2345 845 2388; x_wconf 88' lang='lat' dir='ltr'><strong>cum</strong></span> <span class='ocrx_word' id='word_1_186' title='bbox 877 2327 953 2388; x_wconf 90' lang='lat' dir='ltr'><strong>nibil</strong></span> <span class='ocrx_word' id='word_1_187' title='bbox 981 2327 1169 2408; x_wconf 88' lang='lat' dir='ltr'><strong>delectaret,</strong></span> 
     </span>
     <span class='ocr_line' id='line_1_27' title="bbox 228 2407 1166 2492; baseline 0.004 -20"><span class='ocrx_word' id='word_1_188' title='bbox 228 2409 311 2492; x_wconf 86' lang='lat' dir='ltr'><strong>quod</strong></span> <span class='ocrx_word' id='word_1_189' title='bbox 330 2416 380 2470; x_wconf 92' lang='lat' dir='ltr'><strong>aut</strong></span> <span class='ocrx_word' id='word_1_190' title='bbox 394 2429 451 2491; x_wconf 89' lang='lat' dir='ltr'><strong>per</strong></span> <span class='ocrx_word' id='word_1_191' title='bbox 467 2416 604 2472; x_wconf 86' lang='lat' dir='ltr'><strong>naturam</strong></span> <span class='ocrx_word' id='word_1_192' title='bbox 620 2409 667 2473; x_wconf 86' lang='lat' dir='ltr'><strong>fas</strong></span> <span class='ocrx_word' id='word_1_193' title='bbox 683 2418 766 2472; x_wconf 91' lang='lat' dir='ltr'><strong>esset</strong></span> <span class='ocrx_word' id='word_1_194' title='bbox 781 2416 832 2472; x_wconf 84' lang='lat' dir='ltr'><strong>aut</strong></span> <span class='ocrx_word' id='word_1_195' title='bbox 844 2428 900 2490; x_wconf 89' lang='lat' dir='ltr'><strong>per</strong></span> <span class='ocrx_word' id='word_1_196' title='bbox 918 2410 1005 2492; x_wconf 82' lang='lat' dir='ltr'><strong>leges</strong></span> <span class='ocrx_word' id='word_1_197' title='bbox 1021 2407 1166 2476; x_wconf 89' lang='lat' dir='ltr'><strong>liceret?</strong></span> 
     </span>
     <span class='ocr_line' id='line_1_28' title="bbox 181 2491 1167 2576; baseline 0.005 -21"><span class='ocrx_word' id='word_1_198' title='bbox 181 2511 217 2565; x_wconf 77' lang='lat' dir='ltr'><strong>td</strong></span> <span class='ocrx_word' id='word_1_199' title='bbox 319 2491 380 2556; x_wconf 85' lang='lat' dir='ltr'><strong>Sed</strong></span> <span class='ocrx_word' id='word_1_200' title='bbox 401 2493 473 2574; x_wconf 87' lang='lat' dir='ltr'><strong>quid</strong></span> <span class='ocrx_word' id='word_1_201' title='bbox 493 2511 552 2576; x_wconf 80' lang='lat' dir='ltr'><strong>ego</strong></span> <span class='ocrx_word' id='word_1_202' title='bbox 575 2493 796 2576; x_wconf 82' lang='lat' dir='ltr'><strong>argumentor?</strong></span> <span class='ocrx_word' id='word_1_203' title='bbox 819 2493 891 2575; x_wconf 89' lang='lat' dir='ltr'><strong>quid</strong></span> <span class='ocrx_word' id='word_1_204' title='bbox 905 2493 993 2574; x_wconf 81' lang='lat' dir='ltr'><strong>plura</strong></span> <span class='ocrx_word' id='word_1_205' title='bbox 1008 2493 1167 2576; x_wconf 81' lang='lat' dir='ltr'><strong>disputo?</strong></span> 
     </span>
     <span class='ocr_line' id='line_1_29' title="bbox 109 2569 1167 2658; baseline 0.002 -18"><span class='ocrx_word' id='word_1_206' title='bbox 109 2569 112 2578; x_wconf 74' lang='grc'><em>’</em></span> <span class='ocrx_word' id='word_1_207' title='bbox 227 2576 289 2653; x_wconf 88' lang='lat' dir='ltr'><strong>Te,</strong></span> <span class='ocrx_word' id='word_1_208' title='bbox 312 2576 347 2649; x_wconf 84' lang='lat' dir='ltr'><strong>Q.</strong></span> <span class='ocrx_word' id='word_1_209' title='bbox 369 2576 475 2654; x_wconf 87' lang='lat' dir='ltr'><strong>Petili,</strong></span> <span class='ocrx_word' id='word_1_210' title='bbox 498 2577 640 2658; x_wconf 89' lang='lat' dir='ltr'><strong>appello,</strong></span> <span class='ocrx_word' id='word_1_211' title='bbox 672 2578 815 2658; x_wconf 89' lang='lat' dir='ltr'><strong>optimum</strong></span> <span class='ocrx_word' id='word_1_212' title='bbox 837 2584 868 2639; x_wconf 90' lang='lat' dir='ltr'><strong>et</strong></span> <span class='ocrx_word' id='word_1_213' title='bbox 888 2576 1087 2640; x_wconf 88' lang='lat' dir='ltr'><strong>fortissimum</strong></span> <span class='ocrx_word' id='word_1_214' title='bbox 1108 2582 1167 2642; x_wconf 87' lang='lat' dir='ltr'><strong>ci-</strong></span> 
     </span>
     <span class='ocr_line' id='line_1_30' title="bbox 226 2660 1166 2742; baseline 0.006 -20"><span class='ocrx_word' id='word_1_215' title='bbox 226 2677 313 2735; x_wconf 89' lang='lat' dir='ltr'><strong>vem;</strong></span> <span class='ocrx_word' id='word_1_216' title='bbox 336 2665 377 2736; x_wconf 88' lang='lat' dir='ltr'><strong>te,</strong></span> <span class='ocrx_word' id='word_1_217' title='bbox 399 2660 438 2722; x_wconf 85' lang='lat' dir='ltr'><strong>M.</strong></span> <span class='ocrx_word' id='word_1_218' title='bbox 458 2661 542 2737; x_wconf 81' lang='lat' dir='ltr'><strong>Cato,</strong></span> <span class='ocrx_word' id='word_1_219' title='bbox 564 2665 678 2737; x_wconf 83' lang='lat' dir='ltr'><strong>testor3</strong></span> <span class='ocrx_word' id='word_1_220' title='bbox 703 2660 872 2742; x_wconf 79' lang='lat' dir='ltr'><strong>quaemihi</strong></span> <span class='ocrx_word' id='word_1_221' title='bbox 895 2660 995 2724; x_wconf 87' lang='lat' dir='ltr'><strong>divina</strong></span> <span class='ocrx_word' id='word_1_222' title='bbox 1017 2663 1166 2742; x_wconf 70' lang='lat' dir='ltr'><strong>quaedam</strong></span> 
     </span>
     <span class='ocr_line' id='line_1_31' title="bbox 227 2741 1166 2826; baseline 0.004 -21"><span class='ocrx_word' id='word_1_223' title='bbox 227 2759 296 2806; x_wconf 88' lang='lat' dir='ltr'><strong>sors</strong></span> <span class='ocrx_word' id='word_1_224' title='bbox 326 2741 408 2804; x_wconf 91' lang='lat' dir='ltr'><strong>dedit</strong></span> <span class='ocrx_word' id='word_1_225' title='bbox 437 2744 563 2806; x_wconf 88' lang='lat' dir='ltr'><strong>iudices.</strong></span> <span class='ocrx_word' id='word_1_226' title='bbox 619 2742 682 2820; x_wconf 86' lang='lat' dir='ltr'><strong>llos</strong></span> <span class='ocrx_word' id='word_1_227' title='bbox 712 2762 752 2804; x_wconf 90' lang='lat' dir='ltr'><strong>ex</strong></span> <span class='ocrx_word' id='word_1_228' title='bbox 782 2743 821 2806; x_wconf 89' lang='grc' dir='ltr'><strong>Μ.</strong></span> <span class='ocrx_word' id='word_1_229' title='bbox 854 2744 986 2806; x_wconf 87' lang='lat' dir='ltr'><strong>Favonio</strong></span> <span class='ocrx_word' id='word_1_230' title='bbox 1017 2745 1166 2826; x_wconf 88' lang='lat' dir='ltr'><strong>audistis,</strong></span> 
     </span>
    </p>

    <p class='ocr_par' dir='ltr' id='par_1_4' title="bbox 113 2824 1165 3586">
     <span class='ocr_line' id='line_1_32' title="bbox 190 2824 1165 2911; baseline 0.004 -23"><span class='ocrx_word' id='word_1_231' title='bbox 190 2859 194 2867; x_wconf 88' lang='lat'>·</span> <span class='ocrx_word' id='word_1_232' title='bbox 227 2824 366 2890; x_wconf 86' lang='lat' dir='ltr'><strong>Clodium</strong></span> <span class='ocrx_word' id='word_1_233' title='bbox 387 2827 446 2889; x_wconf 90' lang='lat' dir='ltr'><strong>sibi</strong></span> <span class='ocrx_word' id='word_1_234' title='bbox 472 2827 601 2902; x_wconf 87' lang='lat' dir='ltr'><strong>dixisse,</strong></span> <span class='ocrx_word' id='word_1_235' title='bbox 632 2834 664 2890; x_wconf 90' lang='lat' dir='ltr'><strong>et</strong></span> <span class='ocrx_word' id='word_1_236' title='bbox 685 2827 810 2890; x_wconf 86' lang='lat' dir='ltr'><strong>audistis</strong></span> <span class='ocrx_word' id='word_1_237' title='bbox 830 2828 900 2890; x_wconf 86' lang='lat' dir='ltr'><strong>vivo</strong></span> <span class='ocrx_word' id='word_1_238' title='bbox 925 2825 1051 2904; x_wconf 87' lang='lat' dir='ltr'><strong>Clodio,</strong></span> <span class='ocrx_word' id='word_1_239' title='bbox 1077 2849 1165 2911; x_wconf 87' lang='lat' dir='ltr'><strong>per-</strong></span> 
     </span>
     <span class='ocr_line' id='line_1_33' title="bbox 225 2909 1164 2994; baseline 0.005 -22"><span class='ocrx_word' id='word_1_240' title='bbox 225 2909 336 2972; x_wconf 89' lang='lat' dir='ltr'><strong>iturum</strong></span> <span class='ocrx_word' id='word_1_241' title='bbox 365 2909 506 2974; x_wconf 87' lang='lat' dir='ltr'><strong>Milonem</strong></span> <span class='ocrx_word' id='word_1_242' title='bbox 539 2909 648 2994; x_wconf 75' lang='lat' dir='ltr'><strong>triduo.</strong></span> <span class='ocrx_word' id='word_1_243' title='bbox 709 2910 780 2973; x_wconf 92' lang='lat' dir='ltr'><strong>Post</strong></span> <span class='ocrx_word' id='word_1_244' title='bbox 806 2911 885 2984; x_wconf 85' lang='lat' dir='ltr'><strong>diem</strong></span> <span class='ocrx_word' id='word_1_245' title='bbox 915 2913 1034 2974; x_wconf 88' lang='lat' dir='ltr'><strong>tertium</strong></span> <span class='ocrx_word' id='word_1_246' title='bbox 1063 2921 1164 2994; x_wconf 84' lang='lat' dir='ltr'><strong>gesta</strong></span> 
     </span>
     <span class='ocr_line' id='line_1_34' title="bbox 225 2993 1162 3078; baseline 0.006 -25"><span class='ocrx_word' id='word_1_247' title='bbox 225 3010 277 3061; x_wconf 82' lang='lat' dir='ltr'><strong>res</strong></span> <span class='ocrx_word' id='word_1_248' title='bbox 299 2998 357 3069; x_wconf 89' lang='lat' dir='ltr'><strong>est,</strong></span> <span class='ocrx_word' id='word_1_249' title='bbox 379 3011 467 3074; x_wconf 88' lang='lat' dir='ltr'><strong>quam</strong></span> <span class='ocrx_word' id='word_1_250' title='bbox 482 2993 607 3071; x_wconf 81' lang='lat' dir='ltr'><strong>dixerat</strong></span> <span class='ocrx_word' id='word_1_251' title='bbox 651 2993 754 3068; x_wconf 82' lang='lat' dir='ltr'><strong>Quum</strong></span> <span class='ocrx_word' id='word_1_252' title='bbox 768 2994 821 3056; x_wconf 95' lang='lat' dir='ltr'><strong>ille</strong></span> <span class='ocrx_word' id='word_1_253' title='bbox 835 3012 896 3058; x_wconf 91' lang='lat' dir='ltr'><strong>non</strong></span> <span class='ocrx_word' id='word_1_254' title='bbox 915 2994 1055 3057; x_wconf 86' lang='lat' dir='ltr'><strong>dubitarit</strong></span> <span class='ocrx_word' id='word_1_255' title='bbox 1073 3015 1162 3078; x_wconf 89' lang='lat' dir='ltr'><strong>ape-</strong></span> 
     </span>
     <span class='ocr_line' id='line_1_35' title="bbox 224 3076 1164 3160; baseline 0.002 -20"><span class='ocrx_word' id='word_1_256' title='bbox 224 3076 298 3152; x_wconf 87' lang='lat' dir='ltr'><strong>rire,</strong></span> <span class='ocrx_word' id='word_1_257' title='bbox 319 3076 392 3156; x_wconf 84' lang='lat' dir='ltr'><strong>quid</strong></span> <span class='ocrx_word' id='word_1_258' title='bbox 407 3077 565 3159; x_wconf 86' lang='lat' dir='ltr'><strong>cogitaret,</strong></span> <span class='ocrx_word' id='word_1_259' title='bbox 586 3095 642 3140; x_wconf 92' lang='lat' dir='ltr'><strong>vos</strong></span> <span class='ocrx_word' id='word_1_260' title='bbox 656 3079 783 3158; x_wconf 86' lang='lat' dir='ltr'><strong>potestis</strong></span> <span class='ocrx_word' id='word_1_261' title='bbox 800 3078 948 3156; x_wconf 88' lang='lat' dir='ltr'><strong>dubitare,</strong></span> <span class='ocrx_word' id='word_1_262' title='bbox 972 3077 1041 3160; x_wconf 87' lang='lat' dir='ltr'><strong>quid</strong></span> <span class='ocrx_word' id='word_1_263' title='bbox 1061 3078 1164 3142; x_wconf 87' lang='lat' dir='ltr'><strong>lece-</strong></span> 
     </span>
     <span class='ocr_line' id='line_1_36' title="bbox 113 3153 1161 3244; baseline 0 -18"><span class='ocrx_word' id='word_1_264' title='bbox 113 3153 160 3227; x_wconf 84' lang='lat'><strong>17</strong></span> <span class='ocrx_word' id='word_1_265' title='bbox 178 3158 290 3225; x_wconf 74' lang='lat' dir='ltr'><strong>terit?</strong></span> <span class='ocrx_word' id='word_1_266' title='bbox 335 3158 589 3231; x_wconf 84' lang='lat' dir='ltr'><strong>Quemadmodum</strong></span> <span class='ocrx_word' id='word_1_267' title='bbox 614 3161 707 3244; x_wconf 84' lang='lat' dir='ltr'><strong>igitur</strong></span> <span class='ocrx_word' id='word_1_268' title='bbox 737 3180 805 3223; x_wconf 88' lang='lat' dir='ltr'><strong>eum</strong></span> <span class='ocrx_word' id='word_1_269' title='bbox 841 3162 906 3224; x_wconf 91' lang='lat' dir='ltr'><strong>dies</strong></span> <span class='ocrx_word' id='word_1_270' title='bbox 931 3180 993 3224; x_wconf 92' lang='lat' dir='ltr'><strong>non</strong></span> <span class='ocrx_word' id='word_1_271' title='bbox 1014 3160 1161 3226; x_wconf 82' lang='lat' dir='ltr'><strong>feieMit?</strong></span> 
     </span>
     <span class='ocr_line' id='line_1_37' title="bbox 223 3242 1161 3323; baseline 0.007 -19"><span class='ocrx_word' id='word_1_272' title='bbox 223 3243 294 3305; x_wconf 85' lang='lat' dir='ltr'><strong>Dixi</strong></span> <span class='ocrx_word' id='word_1_273' title='bbox 316 3242 456 3323; x_wconf 85' lang='lat' dir='ltr'><strong>equidem</strong></span> <span class='ocrx_word' id='word_1_274' title='bbox 480 3244 580 3305; x_wconf 88' lang='lat' dir='ltr'><strong>modo.</strong></span> <span class='ocrx_word' id='word_1_275' title='bbox 621 3244 784 3323; x_wconf 78' lang='lat' dir='ltr'><strong>Dictatoris</strong></span> <span class='ocrx_word' id='word_1_276' title='bbox 814 3245 961 3309; x_wconf 86' lang='lat' dir='ltr'><strong>Lanuvini</strong></span> <span class='ocrx_word' id='word_1_277' title='bbox 991 3251 1065 3309; x_wconf 88' lang='lat' dir='ltr'><strong>stata</strong></span> <span class='ocrx_word' id='word_1_278' title='bbox 1098 3267 1161 3311; x_wconf 85' lang='lat' dir='ltr'><strong>sa-</strong></span> 
     </span>
     <span class='ocr_line' id='line_1_38' title="bbox 222 3326 1161 3408; baseline 0.007 -20"><span class='ocrx_word' id='word_1_279' title='bbox 222 3326 334 3388; x_wconf 83' lang='lat' dir='ltr'><strong>crificia</strong></span> <span class='ocrx_word' id='word_1_280' title='bbox 356 3343 448 3389; x_wconf 91' lang='lat' dir='ltr'><strong>nosse</strong></span> <span class='ocrx_word' id='word_1_281' title='bbox 469 3327 586 3408; x_wconf 82' lang='lat' dir='ltr'><strong>negotii</strong></span> <span class='ocrx_word' id='word_1_282' title='bbox 603 3327 678 3391; x_wconf 93' lang='lat' dir='ltr'><strong>nibil</strong></span> <span class='ocrx_word' id='word_1_283' title='bbox 700 3335 773 3392; x_wconf 85' lang='lat' dir='ltr'><strong>erat</strong></span> <span class='ocrx_word' id='word_1_284' title='bbox 816 3328 907 3408; x_wconf 85' lang='lat' dir='ltr'><strong>Vidit,</strong></span> <span class='ocrx_word' id='word_1_285' title='bbox 925 3346 1053 3392; x_wconf 90' lang='lat' dir='ltr'><strong>necesse</strong></span> <span class='ocrx_word' id='word_1_286' title='bbox 1079 3349 1161 3394; x_wconf 88' lang='lat' dir='ltr'><strong>esse</strong></span> 
     </span>
     <span class='ocr_line' id='line_1_39' title="bbox 222 3407 1158 3495; baseline 0.004 -23"><span class='ocrx_word' id='word_1_287' title='bbox 222 3408 344 3486; x_wconf 87' lang='lat' dir='ltr'><strong>Miloni,</strong></span> <span class='ocrx_word' id='word_1_288' title='bbox 376 3407 528 3490; x_wconf 84' lang='lat' dir='ltr'><strong>proficisci</strong></span> <span class='ocrx_word' id='word_1_289' title='bbox 550 3410 716 3474; x_wconf 89' lang='lat' dir='ltr'><strong>Lanuvium</strong></span> <span class='ocrx_word' id='word_1_290' title='bbox 738 3413 791 3476; x_wconf 93' lang='lat' dir='ltr'><strong>illo</strong></span> <span class='ocrx_word' id='word_1_291' title='bbox 810 3413 896 3494; x_wconf 89' lang='lat' dir='ltr'><strong>ipso,</strong></span> <span class='ocrx_word' id='word_1_292' title='bbox 922 3429 982 3494; x_wconf 84' lang='lat' dir='ltr'><strong>quo</strong></span> <span class='ocrx_word' id='word_1_293' title='bbox 1004 3419 1051 3475; x_wconf 86' lang='lat' dir='ltr'><strong>est</strong></span> <span class='ocrx_word' id='word_1_294' title='bbox 1070 3431 1158 3495; x_wconf 88' lang='lat' dir='ltr'><strong>pro-</strong></span> 
     </span>
     <span class='ocr_line' id='line_1_40' title="bbox 220 3488 1156 3586; baseline 0.006 -32"><span class='ocrx_word' id='word_1_295' title='bbox 220 3491 350 3572; x_wconf 70' lang='lat' dir='ltr'><strong>lectusl,</strong></span> <span class='ocrx_word' id='word_1_296' title='bbox 373 3492 431 3555; x_wconf 89' lang='lat' dir='ltr'><strong>die.</strong></span> <span class='ocrx_word' id='word_1_297' title='bbox 475 3494 577 3575; x_wconf 87' lang='lat' dir='ltr'><strong>ltaque</strong></span> <span class='ocrx_word' id='word_1_298' title='bbox 601 3499 768 3584; x_wconf 84' lang='lat' dir='ltr'><strong>antevertit.</strong></span> <span class='ocrx_word' id='word_1_299' title='bbox 811 3496 852 3559; x_wconf 82' lang='lat' dir='ltr'><strong>At</strong></span> <span class='ocrx_word' id='word_1_300' title='bbox 874 3488 935 3577; x_wconf 73' lang='lat' dir='ltr'><strong>lpuo</strong></span> <span class='ocrx_word' id='word_1_301' title='bbox 958 3496 1042 3586; x_wconf 23' lang='lat' dir='ltr'><strong>diet·</strong></span> <span class='ocrx_word' id='word_1_302' title='bbox 1067 3497 1156 3580; x_wconf 82' lang='lat' dir='ltr'><strong>Quo,</strong></span> 
     </span>
    </p>
   </div>
   <div class='ocr_carea' id='block_1_4' title="bbox 224 3622 454 3639">
    <p class='ocr_par' dir='ltr' id='par_1_5' title="bbox 224 3622 454 3639">
     <span class='ocr_line' id='line_1_41' title="bbox 224 3622 454 3639; baseline 0.004 -3"><span class='ocrx_word' id='word_1_303' title='bbox 224 3622 454 3639; x_wconf 49' lang='lat' dir='ltr'><strong>*m</strong></span> 
     </span>
    </p>
   </div>
   <div class='ocr_carea' id='block_1_5' title="bbox 254 3683 1153 3840">
    <p class='ocr_par' dir='ltr' id='par_1_6' title="bbox 254 3683 1153 3840">
     <span class='ocr_line' id='line_1_42' title="bbox 257 3683 1153 3760; baseline 0.012 -22"><span class='ocrx_word' id='word_1_304' title='bbox 257 3687 265 3719; x_wconf 90' lang='lat'><strong>¹</strong></span> <span class='ocrx_word' id='word_1_305' title='bbox 289 3683 389 3744; x_wconf 73' lang='lat' dir='ltr'><strong>omait.</strong></span> <span class='ocrx_word' id='word_1_306' title='bbox 419 3689 734 3760; x_wconf 75' lang='lat' dir='ltr'><strong>¹E.-01›scu1·0quae.</strong></span> <span class='ocrx_word' id='word_1_307' title='bbox 768 3691 1016 3748; x_wconf 77' lang='lat' dir='ltr'><strong>³E.-eriimett.</strong></span> <span class='ocrx_word' id='word_1_308' title='bbox 1046 3693 1065 3726; x_wconf 76' lang='lat'><strong>⁴·</strong></span> <span class='ocrx_word' id='word_1_309' title='bbox 1076 3695 1153 3748; x_wconf 80' lang='lat' dir='ltr'><strong>diem</strong></span> 
     </span>
     <span class='ocr_line' id='line_1_43' title="bbox 254 3759 1152 3840; baseline 0.011 -33"><span class='ocrx_word' id='word_1_310' title='bbox 254 3759 338 3840; x_wconf 72' lang='lat' dir='ltr'><strong>igitur.</strong></span> <span class='ocrx_word' id='word_1_311' title='bbox 371 3761 382 3791; x_wconf 75' lang='lat'><strong><em>⁵</em></strong></span> <span class='ocrx_word' id='word_1_312' title='bbox 404 3761 459 3812; x_wconf 77' lang='lat' dir='ltr'><strong>eine</strong></span> <span class='ocrx_word' id='word_1_313' title='bbox 472 3763 553 3812; x_wconf 78' lang='lat' dir='ltr'><strong>oncis.</strong></span> <span class='ocrx_word' id='word_1_314' title='bbox 585 3761 596 3792; x_wconf 82' lang='lat'><strong>⁶</strong></span> <span class='ocrx_word' id='word_1_315' title='bbox 618 3761 649 3813; x_wconf 85' lang='grc' dir='ltr'><strong>Ε.</strong></span> <span class='ocrx_word' id='word_1_316' title='bbox 662 3763 748 3816; x_wconf 80' lang='lat' dir='ltr'><strong>licon.</strong></span> <span class='ocrx_word' id='word_1_317' title='bbox 763 3763 819 3816; x_wconf 80' lang='lat' dir='ltr'><strong>edd.</strong></span> <span class='ocrx_word' id='word_1_318' title='bbox 832 3773 890 3815; x_wconf 82' lang='lat' dir='ltr'><strong>cett.</strong></span> <span class='ocrx_word' id='word_1_319' title='bbox 902 3791 937 3801; x_wconf 95' lang='lat'><strong>—</strong></span> <span class='ocrx_word' id='word_1_320' title='bbox 948 3765 1087 3832; x_wconf 82' lang='lat' dir='ltr'><strong>proiectus</strong></span> <span class='ocrx_word' id='word_1_321' title='bbox 1102 3776 1152 3819; x_wconf 80' lang='lat' dir='ltr'><strong>est</strong></span> 
     </span>
    </p>
   </div>
   <div class='ocr_carea' id='block_1_6' title="bbox 0 0 1238 4318">
    <p class='ocr_par' dir='ltr' id='par_1_7' title="bbox 0 0 1238 4318">
     <span class='ocr_line' id='line_1_44' title="bbox 0 0 1238 4318; baseline 0 6"><span class='ocrx_word' id='word_1_322' title='bbox 0 0 1238 4318; x_wconf 95' lang='lat' dir='ltr'><strong> </strong></span> 
     </span>
    </p>
   </div>
  </div>
 </body>
</html>
