2468 4318
136 228 143 234 -
243 147 794 268 nnor.nnurournouu.
933 209 984 260 uo
1063 155 1079 293 J

55 377 198 442 servaret
243 375 280 441 Si
301 377 332 440 id
352 378 419 441 iure
440 377 507 442 lieri
527 394 590 440 non
612 376 748 457 potuit¹,
777 375 852 438 nihil
874 377 984 458 babeo,

53 462 131 542 quod
154 460 329 523 defendam.
373 462 425 526 Sin
446 463 506 525 boc
530 466 559 523 et
579 461 656 522 ratio
679 460 775 522 doctis
797 465 828 521 et
843 463 983 524 necessi-

52 549 94 606 tas
116 544 261 606 barbaris
285 551 315 606 et
337 563 406 608 mos
427 546 568 628 gentibus
590 549 619 605 et
638 543 713 604 seris
735 544 824 605 etiam
852 545 981 607 beluis²

49 633 155 690 natura
177 629 249 708 ipsa
274 631 469 711 praescripsit,
490 635 522 691 ut
539 645 657 689 omnem
676 643 797 708 semper
812 627 881 704 vim,
903 643 982 708 qua·
1045 647 1047 651 ’

50 727 165 793 cunque
189 729 253 792 ope
279 719 414 792 possent,
438 730 455 775 a
481 728 622 792 corpore,
647 711 793 791 scopite,
816 711 910 773 avita
925 728 998 773 sua·

48 795 285 874 propulsarent,
320 813 381 857 non
412 797 540 877 potestis
559 793 631 856 ‘hoc
661 793 778 856 facinus
811 793 980 874 improbum
1024 851 1028 859 l

49 877 192 955 iudicare,
220 879 296 958 quin
314 879 401 942 simul
422 879 570 955 iudicetis,
594 877 743 953 omnibus,
769 879 819 958 qui
837 879 869 938 in
883 877 980 939 latro·
1016 929 1017 936 ,

48 977 100 1022 nes
123 961 301 1038 inciderint,
325 970 376 1025 aut
393 963 512 1024 illorum
529 962 597 1024 telis
621 967 671 1022 aut
692 960 801 1023 vestris
822 961 980 1024 sententiis

48 1061 114 1104 εεεε
134 1045 350 1126 pereundum:
390 1046 477 1118 Quod
499 1047 525 1109 si
548 1047 588 1107 ita
609 1049 759 1126 putasset,
789 1050 870 1106 certe
884 1049 1024 1125 opta-³1

46 1124 134 1188 bilius
156 1127 269 1190 Miloni
290 1128 348 1190 luit
369 1128 441 1192 dare
460 1129 595 1212 iugulum
611 1128 643 1190 P.
662 1127 780 1204 Clodio,
801 1144 863 1192 non
882 1127 979 1190 semel
1038 1128 1042 1142 '

47 1209 81 1270 ab
103 1211 157 1274 illo
179 1218 369 1292 neque‘tum
392 1214 520 1294 primum
543 1214 678 1294 petitum,
701 1229 790 1292 quam
810 1211 941 1292 iugulari
959 1227 978 1273 a

46 1293 149 1372 uobis,
201 1296 276 1376 quia
306 1313 340 1358 se
371 1313 433 1358 non
461 1296 656 1380 iugulandum
687 1295 757 1357 ἰΙΙί8
794 1294 978 1357 tradidisset.

47 1373 97 1438 Sin
118 1376 179 1440 boc
200 1396 295 1440 nemo
317 1383 449 1442 vestrum
473 1381 514 1442 ita
535 1381 634 1459 sentit,
664 1378 738 1440 illud
759 1379 818 1441 iam
839 1379 870 1439 in
893 1377 978 1440 iudi-

47 1459 121 1521 cium
144 1463 250 1538 venit,
281 1479 360 1541 non,
385 1465 545 1526 occisusne
566 1464 623 1542 sit,
650 1461 731 1542 quod
752 1461 899 1537 fatemur,
920 1459 976 1523 sed

47 1541 110 1603 iuro
132 1563 171 1606 an
193 1546 327 1622 iniuria,
358 1547 439 1627 quod
461 1547 561 1608 multis
583 1547 615 1607 in
637 1545 736 1606 causis
750 1547 842 1625 'saepe
861 1544 976 1624 quaesi-
1000 1569 1003 1576 ⁴

46 1628 103 1686 tum
125 1635 180 1690 est.
225 1628 356 1692 Insidias
377 1628 474 1692 factas
489 1647 559 1691 esse
577 1633 703 1703 constat,
728 1633 758 1688 et
771 1625 800 1687 id
815 1631 875 1702 est,
894 1624 975 1707 quod

47 1717 164 1773 senatus
191 1718 299 1774 contra
319 1729 384 1774 rem
406 1714 567 1793 publicam
587 1711 698 1773 sactum
729 1709 890 1784 iudicavit3
936 1707 974 1769 ab

47 1797 110 1854 utro
130 1793 219 1857 factae
245 1797 322 1872 sint,
355 1797 501 1858 incertum
523 1802 579 1859 est:
624 1795 670 1856 De
691 1793 751 1854 hoc
771 1794 862 1875 igitur
882 1791 975 1853 latum

47 1879 144 1938 estut
166 1885 365 1960 quaereretur.
407 1880 450 1942 lta
473 1886 502 1942 et
525 1885 646 1942 senatus
670 1895 755 1956 rem,
788 1893 851 1938 non
871 1874 975 1937 homi-

48 1973 129 2037 nem,
163 1963 298 2039 notavit,
331 1967 361 2024 et
381 1961 542 2045 Pompeius
565 1963 602 2024 de
621 1963 706 2038 iure,
739 1958 974 2037 madefacto,

48 2045 243 2120 questionem
270 2045 348 2108 tulit..
387 2045 537 2128 Numquid
559 2047 653 2130 igitur
676 2044 757 2107 aliud
777 2044 809 2105 in
830 2041 974 2105 iudicium

49 2127 134 2204 venit,
159 2130 231 2207 nisi,
254 2135 322 2191 uter
342 2131 401 2191 utri
423 2131 548 2192 insidias
563 2128 694 2192 lecerit?
720 2125 972 2200 Profectonibi13

49 2207 74 2266 si
94 2208 142 2272 bic
163 2212 220 2290 illi,
246 2218 279 2274 ut
300 2231 339 2275 ne
360 2215 400 2276 sit
419 2213 559 2295 impune;
602 2215 629 2278 si
652 2211 705 2278 illa
724 2211 805 2291 huic,
829 2217 892 2284 tum
914 2225 973 2272 nos

49 2292 160 2356 scelere
180 2297 345 2358 solvamur.
1025 2367 1029 2373 ¹

136 2378 275 2451 Quonam
301 2380 395 2461 igitur
424 2384 513 2460 pacto
544 2378 667 2459 probari
696 2383 814 2460 potest,
846 2377 972 2441 insidias
983 2386 1020 2436 32

52 2451 151 2523 lliloni
173 2462 288 2524 fecisse
313 2461 480 2524 Clodium?
525 2461 603 2526 Satis
628 2469 673 2525 est
694 2464 725 2524 in
747 2462 798 2525 illa
822 2461 971 2542 quidem⁴

52 2542 106 2601 tam
128 2545 252 2623 audaci,
286 2552 346 2608 tam
376 2545 493 2608 nefaria
514 2546 604 2608 belua
626 2547 754 2623 docere,
780 2559 919 2626 magnam
941 2542 971 2606 ei

50 2637 176 2706 causam,
201 2647 342 2711 magnam
364 2647 449 2710 spem
470 2631 503 2693 in
523 2629 644 2692 Milonis
662 2635 758 2692 morte
774 2628 972 2709 propositam,

51 2720 168 2789 magnas
199 2712 344 2775 utilitates
374 2713 479 2776 fuisse.
542 2713 645 2794 ltaque
676 2712 750 2774 illud
783 2707 971 2786 Cassianum,

51 2791 96 2849 cui
118 2793 195 2858 bono
215 2797 329 2876 fuerit,
363 2799 394 2858 in
420 2797 468 2858 bis
496 2798 637 2879 personis
662 2796 776 2872 valeat;
820 2794 876 2856 etsi
898 2793 972 2855 boni

51 2872 129 2946 nullo
151 2881 354 2941 emolumento
378 2881 572 2961 impelluntur
602 2879 808 2955 mirandem,
840 2876 971 2958 improbi

52 2959 126 3037 sepe
146 2979 251 3043 parvo,
299 2963 402 3045 Atqui,
431 2963 545 3027 lllilone
565 2963 734 3040 interiecto,
759 2959 888 3023 ‘Clodius
910 2960 971 3022 boc

52 3047 280 3124 assequebatur,
321 3065 383 3109 noo
413 3049 503 3110 modo
533 3055 568 3110 ut
594 3054 707 3127 praetor
730 3051 820 3114 esset
847 3061 908 3107 non
930 3059 970 3105 eo

54 3129 191 3217 consule,
235 3146 296 3209 quo
329 3131 456 3192 sceleris
487 3131 591 3194 facere
613 3131 713 3191 nihil‘⁶
746 3135 869 3210 posset,
914 3125 971 3190 sed

54 3208 145 3286 etlam,
167 3222 201 3277 ut
225 3215 264 3276 iis
283 3213 462 3276 'consulibus
484 3221 595 3297 praetor
616 3212 838 3295 essetquibus
860 3210 887 3272 si
907 3224 971 3271 non

54 3287 271 3374 adiuuantibus,
306 3302 335 3359 at
359 3297 587 3360 conniventibus
611 3304 711 3374 certe‚=
745 3298 900 3378 speraret,
934 3307 970 3354 se

53 3380 160 3467 l⁰sse⁶
205 3379 330 3445 eludere
373 3381 404 3442 in
443 3381 502 3444 illis
532 3381 596 3444 suis
629 3381 768 3464 cogitatis
793 3375 969 3462 furoribus5
1042 3435 1047 3458 ,

54 3467 130 3521 curus
154 3463 196 3527 illi
214 3471 350 3542 conatus,
378 3470 411 3526 ut
431 3465 525 3547 ipse⁷
558 3466 802 3542 ratiocinabatur,
830 3477 889 3522 nec
910 3476 968 3522 cu-

56 3577 274 3608 'Nu—n·-

87 3661 97 3692 ¹
115 3667 168 3722 iure
192 3687 244 3725 non
265 3684 364 3742 posset
419 3677 434 3709 ’
453 3691 500 3728 mn.
518 3677 595 3727 etiam
613 3674 666 3726 bel.
727 3671 739 3704 ³
758 3670 866 3724 illinon
884 3667 966 3736 iugul.

85 3729 261 3872 :quidsmfflip
286 3745 337 3800 illa.
410 3745 474 3799 ‘E.
502 3769 538 3783 -
562 3743 625 3797 nibil
648 3744 698 3796 lac·
735 3767 737 3774 v
780 3740 792 3771 ⁶
818 3751 899 3807 posse
926 3752 964 3791 cc.
