2468 4318
209 245 303 306 eno
334 245 368 304 r.
396 213 548 306 nunno
574 245 767 307 ursone.
905 253 954 306 ιιι

35 441 94 487 sun
116 437 185 486 esse
206 419 351 490 iat'eatur.
395 419 435 486 'in
456 439 515 504 qna
536 417 656 484 tandein
677 421 761 484 urbe‘
774 419 832 484 hoa
853 419 957 484 homi..

36 525 84 568 nes
104 506 271 570 stultissimi
291 507 469 588 disputant-t
491 505 606 584 Nempe
624 507 655 566 in
674 523 721 582 ea,
743 523 808 586 quae
827 506 956 586 prirndrn

34 590 165 652 iudicium
194 589 234 651 de
260 592 362 671 capite
385 589 460 652 vidit
483 589 522 651 Μ.
545 587 677 667 Horatii,
710 588 865 650 fortissimi
886 589 955 665 viri,

35 674 97 753 qui,
127 671 263 735 nondum
287 673 383 736 libera
405 674 546 750 civitate,
577 675 677 734 tannen
701 671 807 754 p'opuli
829 666 957 734 Romani

35 756 153 818 comitiis
178 757 328 820 liberatus
351 763 407 834 est,
429 773 521 838 quurn
541 771 596 817 sua
617 773 707 817 rnanu
727 772 865 817 sororern
886 771 956 818 esso

33 838 211 902 interiectam
241 839 397 904 fateretur.
454 839 504 900 An
533 843 580 900 est
607 839 781 919 quisquam,
814 839 866 920 qui
897 839 995 906 hone

35 923 163 1004 ignoret,
187 941 283 1004 quum
307 923 345 986 de
364 923 488 985 homine
510 921 615 984 occiso
637 927 804 1002 quaeratur,
827 928 879 983 aut
898 939 957 984 ne-

34 1006 93 1147 gari
113 1006 217 1068 solere
239 1008 367 1069 omnino
390 1023 460 1068 esse
482 1003 610 1081 iactum,
640 1009 690 1066 aut
711 1011 794 1067 reete
816 1006 869 1068 ot¹
891 1005 958 1068 iure

46 1095 136 1150 acuum
159 1107 231 1152 esse
252 1089 402 1152 defendi?
435 1088 500 1152 Nisi
521 1104 596 1150 vero
618 1088 806 1165 existimatis,
830 1089 959 1152 demen-

35 1176 86 1232 tem
105 1171 136 1233 P.
160 1172 342 1237 Africanum
367 1172 482 1248 tuisse,
506 1172 576 1256 qui,
597 1189 688 1251 quum
710 1189 727 1234 a
749 1170 782 1232 C.
806 1169 957 1249 Carbone,

34 1254 144 1317 tribuno
167 1257 283 1337 piebis,
309 1255 454 1319 seditiose
470 1256 502 1317 in
518 1254 685 1316 contione²
708 1243 957 1336 interrogaretur,

36 1337 98 1416 quid
128 1337 167 1402 de
186 1337 243 1402 'Ti
268 1337 397 1402 Gracchi
426 1345 523 1401 rnorte
554 1339 696 1416 sentiret,
731 1338 923 1419 responderit
933 1337 958 1415 ³,

35 1418 94 1480 iure
114 1439 226 1484 oaesurn
244 1423 358 1486 uideri.
409 1421 516 1502 Neque
543 1422 623 1482 eninr
646 1428 751 1502 posset
780 1427 829 1484 aut
860 1419 969 1484 Ahala·

35 1501 80 1563 iile
101 1501 249 1569 Servilius
276 1505 328 1568 aut
357 1505 389 1567 P.
410 1503 521 1568 Nasica
549 1510 599 1566 aut
621 1503 655 1565 L.
681 1503 818 1585 Opimius
848 1511 897 1568 aut
921 1502 958 1582 C.

35 1581 137 1650 ltiarius
158 1597 231 1667 aut,
266 1606 317 1651 me
341 1588 487 1664 consule,
519 1592 640 1649 senatus
662 1600 724 1648 non
744 1586 878 1650 nefarius
901 1589 959 1652 he-

35 1665 103 1748 beri,
125 1671 152 1732 si
173 1673 348 1735 sceleratos
370 1672 453 1734 oives
474 1668 602 1732 interfici
622 1667 709 1732 nefas
731 1676 821 1732 esset.
855 1672 959 1754 ltaque

37 1748 98 1830 hoc,
117 1754 248 1833 iudices,
272 1772 333 1818 non
358 1755 425 1818 sine
448 1771 539 1816 eausa
562 1753 650 1814 etiarn
670 1750 746 1815 fictis
765 1751 876 1818 fabulis
897 1755 959 1818 do-

38 1835 154 1899 ctissimi
183 1838 326 1902 homines
354 1838 508 1900 memoriae
538 1836 754 1918 prodiderunt,
783 1855 870 1915 eum,
905 1837 959 1919 qui

37 1920 121 2058 patris
142 1921 315 1985 uleiscendi
337 1939 429 1984 causa
456 1927 581 1982 matrem
615 1921 804 1999 necavisset,
836 1923 958 1986 variatis

57 2003 181 2066 ominum
206 2005 385 2083 sententiis,
419 2021 481 2067 non
511 2003 610 2066 solum
641 2004 759 2082 divina,
790 2005 844 2068 scd
870 2005 958 2067 etiarn

38 2084 270 2164 sapientissimae'
298 2088 362 2151 deae
394 2088 542 2151 sententia
575 2087 742 2150 liberatum.
808 2089 895 2162 Quod
931 2089 988 2154 sie

40 2164 188 2232 duodeeirn
220 2171 332 2234 tabule
359 2177 539 2234 nocturnum
572 2170 670 2233 iurem
702 2187 824 2254 quoquo
856 2173 959 2251 rnodo,
1020 2201 1028 2220 i
1136 2169 1140 2180 ’

40 2247 169 2315 diurnum
204 2261 324 2331 autern,
363 2255 390 2318 si
419 2271 454 2316 se
481 2254 544 2316 telo
573 2252 791 2334 defenderet⁴,
832 2255 960 2320 interfici
1071 2267 1074 2274 ⁴

40 2329 158 2412 inpune·
172 2339 347 2416 uoluerunt,
374 2339 442 2419 quis
466 2343 521 2414 est,
549 2339 611 2417 qui,
631 2353 756 2418 quoquo
778 2340 869 2402 ruodo
891 2342 959 2421 quis

40 2413 207 2482 interiectus
228 2423 287 2498 sit,
323 2420 508 2502 puniendum
528 2423 631 2501 putet,
663 2439 754 2500 quum
777 2422 878 2485 videat
900 2423 959 2484 ali-

42 2501 151 2576 quando
176 2504 311 2586 gladiurn
333 2503 424 2566 nobis
444 2503 481 2565 ud
505 2503 657 2565 hominem
678 2504 901 2568 occidendurn⁶
920 2505 958 2570 ab

42 2578 109 2659 ipsis
123 2589 243 2672 porrigi
261 2586 406 2670 legibus?
431 2586 568 2668 Atquisi
582 2592 700 2668 tempus
719 2595 765 2649 est
783 2588 875 2652 ullum
894 2589 960 2652 iure
1004 2579 1031 2655 4

41 2659 162 2730 hortinis
184 2671 325 2747 necandi,
343 2687 415 2752 ·quae
433 2669 526 2736 multa
548 2677 627 2747 sunt,
650 2676 732 2732 certe
747 2671 820 2733 iliud
838 2679 962 2738 estnon

42 2747 124 2840 nodo
145 2751 276 2831 iustum,
310 2754 527 2815 verumetiam
550 2755 777 2833 necessarium,
809 2774 900 2838 quurn
930 2757 962 2820 ui
1053 2831 1060 2838 ¹

42 2844 82 2890 us
103 2833 184 2899 illata
206 2836 388 2900 defenditur.
430 2835 609 2903 ‘Pudicitiam
631 2856 721 2916 quum
745 2839 880 2920 eriperet
900 2841 961 2902 nri-

43 2907 83 2972 iiti
101 2917 238 2986 tribunus
261 2920 396 2982 militaris
421 2919 454 2981 in
478 2921 623 2982 exercitu·
636 2919 668 2982 C.
693 2919 798 2999 Marii,
830 2924 961 3004 propin-

44 3009 112 3072 quus
134 3005 199 3065 eius
228 3002 437 3085 imperatoris,
467 3002 645 3066 interiectus
678 3004 714 3065 ab
747 3020 785 3066 eo
815 3012 876 3084 est,
911 3006 962 3071 cui
990 3003 993 3012 ’

44 3077 98 3170 vini
118 3083 271 3149 afferebat.
323 3086 436 3148 Facere
462 3086 541 3147 eninr
565 3087 679 3168 probus
702 3086 879 3161 adolescens
900 3109 962 3173 pe-

45 3163 168 3252 riculose
191 3187 278 3251 quarn
302 3170 420 3250 perpeti
443 3170 570 3250 turpiter
594 3170 706 3232 maluit.
755 3172 857 3256 ‘Atque
881 3176 962 3239 huno

45 3240 91 3336 lile
110 3266 242 3315 summus
265 3253 330 3331 vir,
364 3253 484 3316 scelere
506 3253 653 3331 solutum,
687 3256 825 3336 periouio
846 3257 962 3318 libera·-
1051 3257 1054 3260 ’

47 3331 92 3421 yti·
145 3333 318 3399 insidiatori
348 3353 423 3398 uero
454 3340 484 3396 et
513 3336 622 3398 latroni
647 3356 716 3418 que
734 3344 835 3420 potest
855 3338 1010 3408 inferri1o

47 3419 146 3478 1nrusta
174 3418 263 3482 nex?
312 3418 390 3491 Quid
421 3420 579 3483 comitanus
607 3421 722 3498 nostri,
766 3422 837 3503 quid
867 3422 963 3504 gladii

48 3492 167 3575 uolunt?
215 3519 292 3584 qnos
314 3501 429 3564 habere
450 3507 533 3564 certe
557 3520 619 3565 non
640 3504 760 3581 liceret,
791 3505 818 3570 si
840 3505 883 3569 uti
902 3505 962 3570 iliis

48 3575 122 3640 nullo
144 3591 231 3665 pacto
254 3585 371 3650 liceret.
411 3585 466 3650 Est
487 3587 607 3669 igitur⁶
627 3587 709 3667 hee,
736 3586 871 3672 iudices,
900 3605 978 3654 non*

49 3685 271 3732 Ἐκ

85 3779 251 3848 'dt-⁸0,
289 3791 355 3845 ¹1¹).
375 3821 411 3834 -
430 3795 458 3846 in
476 3810 553 3848 conc.
571 3795 627 3850 sed.
666 3795 843 3864 'respondit
878 3789 965 3849 ⁴de-
1008 3855 1016 3858 ,

80 3849 193 3916 tendent.
239 3862 303 3916 Ἐ.
324 3864 409 3936 scoot.
427 3864 514 3918 Andr.
532 3889 567 3903 --
587 3866 620 3919 ad
638 3865 723 3937 occid.
739 3865 811 3922 honr.
852 3865 865 3900 ⁶
885 3865 969 3921 enin·
