<?xml version="1.0" encoding="UTF-8"?>
<!DOCTYPE html PUBLIC "-//W3C//DTD XHTML 1.0 Transitional//EN"
    "http://www.w3.org/TR/xhtml1/DTD/xhtml1-transitional.dtd">
<html xmlns="http://www.w3.org/1999/xhtml" xml:lang="en" lang="en">
 <head>
  <title>
</title>
<meta http-equiv="Content-Type" content="text/html;charset=utf-8" />
  <meta name='ocr-system' content='tesseract 3.04.00' />
  <meta name='ocr-capabilities' content='ocr_page ocr_carea ocr_par ocr_line ocrx_word'/>
</head>
<body>
  <div class='ocr_page' id='page_1' title='image "./orationesselect00madvgoog_0311.png"; bbox 0 0 2490 4316; ppageno 0'>
   <div class='ocr_carea' id='block_1_1' title="bbox 230 223 808 298">
    <p class='ocr_par' dir='ltr' id='par_1_1' title="bbox 230 223 808 298">
     <span class='ocr_line' id='line_1_1' title="bbox 230 223 808 298; baseline -0.003 0"><span class='ocrx_word' id='word_1_1' title='bbox 230 251 283 298; x_wconf 72' lang='lat' dir='ltr'>me</span> <span class='ocrx_word' id='word_1_2' title='bbox 574 223 808 298; x_wconf 73' lang='lat' dir='ltr'>enarro</span> 
     </span>
    </p>
   </div>
   <div class='ocr_carea' id='block_1_2' title="bbox 64 411 1244 3575">
    <p class='ocr_par' dir='ltr' id='par_1_2' title="bbox 64 411 1244 3575">
     <span class='ocr_line' id='line_1_2' title="bbox 228 411 1167 496; baseline -0.001 -17"><span class='ocrx_word' id='word_1_3' title='bbox 228 435 329 480; x_wconf 86' lang='lat' dir='ltr'>rarum</span> <span class='ocrx_word' id='word_1_4' title='bbox 351 423 431 492; x_wconf 85' lang='lat' dir='ltr'>sunt,</span> <span class='ocrx_word' id='word_1_5' title='bbox 452 412 493 477; x_wconf 90' lang='lat' dir='ltr'>ibi</span> <span class='ocrx_word' id='word_1_6' title='bbox 517 419 563 476; x_wconf 89' lang='lat' dir='ltr'>est</span> <span class='ocrx_word' id='word_1_7' title='bbox 586 431 675 476; x_wconf 89' lang='lat' dir='ltr'>omne</span> <span class='ocrx_word' id='word_1_8' title='bbox 693 413 739 476; x_wconf 90' lang='lat' dir='ltr'>rei</span> <span class='ocrx_word' id='word_1_9' title='bbox 758 411 888 496; x_wconf 80' lang='lat' dir='ltr'>publicae</span> <span class='ocrx_word' id='word_1_10' title='bbox 910 413 1087 494; x_wconf 74' lang='lat' dir='ltr'>praesidium</span> <span class='ocrx_word' id='word_1_11' title='bbox 1111 416 1167 478; x_wconf 89' lang='lat' dir='ltr'>vel</span> 
     </span>
     <span class='ocr_line' id='line_1_3' title="bbox 228 495 1164 583; baseline -0.002 -20"><span class='ocrx_word' id='word_1_12' title='bbox 228 502 329 583; x_wconf 90' lang='lat' dir='ltr'>potius</span> <span class='ocrx_word' id='word_1_13' title='bbox 352 498 419 581; x_wconf 90' lang='lat' dir='ltr'>ipsa</span> <span class='ocrx_word' id='word_1_14' title='bbox 442 515 493 559; x_wconf 90' lang='lat' dir='ltr'>res</span> <span class='ocrx_word' id='word_1_15' title='bbox 516 498 654 578; x_wconf 93' lang='lat' dir='ltr'>publica,</span> <span class='ocrx_word' id='word_1_16' title='bbox 683 511 749 578; x_wconf 79' lang='lat' dir='ltr'>quae</span> <span class='ocrx_word' id='word_1_17' title='bbox 772 515 807 559; x_wconf 92' lang='lat' dir='ltr'>se</span> <span class='ocrx_word' id='word_1_18' title='bbox 831 495 927 558; x_wconf 91' lang='lat' dir='ltr'>adhuc</span> <span class='ocrx_word' id='word_1_19' title='bbox 949 499 1164 561; x_wconf 85' lang='lat' dir='ltr'>tantummodo</span> 
     </span>
     <span class='ocr_line' id='line_1_4' title="bbox 229 579 1164 662; baseline -0.002 -17"><span class='ocrx_word' id='word_1_20' title='bbox 229 585 291 646; x_wconf 85' lang='lat' dir='ltr'>ulta</span> <span class='ocrx_word' id='word_1_21' title='bbox 310 590 376 657; x_wconf 89' lang='lat' dir='ltr'>est,</span> <span class='ocrx_word' id='word_1_22' title='bbox 410 581 541 644; x_wconf 90' lang='lat' dir='ltr'>nondum</span> <span class='ocrx_word' id='word_1_23' title='bbox 567 581 766 662; x_wconf 81' lang='lat' dir='ltr'>recuperavit.</span> <span class='ocrx_word' id='word_1_24' title='bbox 809 579 905 642; x_wconf 86' lang='lat' dir='ltr'>llabet</span> <span class='ocrx_word' id='word_1_25' title='bbox 930 583 1050 662; x_wconf 86' lang='lat' dir='ltr'>quidem</span> <span class='ocrx_word' id='word_1_26' title='bbox 1074 590 1164 644; x_wconf 87' lang='lat' dir='ltr'>certe</span> 
     </span>
     <span class='ocr_line' id='line_1_5' title="bbox 227 664 1162 749; baseline -0.003 -20"><span class='ocrx_word' id='word_1_27' title='bbox 227 666 421 749; x_wconf 89' lang='lat' dir='ltr'>respublica</span> <span class='ocrx_word' id='word_1_28' title='bbox 444 664 651 727; x_wconf 82' lang='lat' dir='ltr'>adolescentes</span> <span class='ocrx_word' id='word_1_29' title='bbox 674 664 879 726; x_wconf 90' lang='lat' dir='ltr'>nobilissimos</span> <span class='ocrx_word' id='word_1_30' title='bbox 899 671 1021 744; x_wconf 89' lang='lat' dir='ltr'>paratos</span> <span class='ocrx_word' id='word_1_31' title='bbox 1043 665 1162 727; x_wconf 84' lang='lat' dir='ltr'>defen-</span> 
     </span>
     <span class='ocr_line' id='line_1_6' title="bbox 228 747 1162 826; baseline -0.003 -13"><span class='ocrx_word' id='word_1_32' title='bbox 228 768 326 814; x_wconf 91' lang='lat' dir='ltr'>sores.</span> <span class='ocrx_word' id='word_1_33' title='bbox 346 749 350 772; x_wconf 84' lang='lat'><strong>¹</strong></span> <span class='ocrx_word' id='word_1_34' title='bbox 373 749 468 822; x_wconf 85' lang='lat' dir='ltr'>Ouum</span> <span class='ocrx_word' id='word_1_35' title='bbox 488 748 607 825; x_wconf 88' lang='lat' dir='ltr'>volent,</span> <span class='ocrx_word' id='word_1_36' title='bbox 640 748 685 810; x_wconf 92' lang='lat' dir='ltr'>illi</span> <span class='ocrx_word' id='word_1_37' title='bbox 707 747 833 824; x_wconf 89' lang='lat' dir='ltr'>cedant,</span> <span class='ocrx_word' id='word_1_38' title='bbox 868 749 929 809; x_wconf 92' lang='lat' dir='ltr'>otio</span> <span class='ocrx_word' id='word_1_39' title='bbox 948 749 1162 826; x_wconf 80' lang='lat' dir='ltr'>consulentes,</span> 
     </span>
     <span class='ocr_line' id='line_1_7' title="bbox 227 831 1161 913; baseline -0.004 -17"><span class='ocrx_word' id='word_1_40' title='bbox 227 839 328 896; x_wconf 88' lang='lat' dir='ltr'>tamen</span> <span class='ocrx_word' id='word_1_41' title='bbox 351 831 566 913; x_wconf 81' lang='lat' dir='ltr'>erepublica</span> <span class='ocrx_word' id='word_1_42' title='bbox 593 831 825 912; x_wconf 79' lang='lat' dir='ltr'>revocabuntur.</span> <span class='ocrx_word' id='word_1_43' title='bbox 871 831 907 892; x_wconf 89' lang='lat' dir='ltr'>Et</span> <span class='ocrx_word' id='word_1_44' title='bbox 934 848 1046 893; x_wconf 91' lang='lat' dir='ltr'>nomen</span> <span class='ocrx_word' id='word_1_45' title='bbox 1070 834 1161 912; x_wconf 86' lang='lat' dir='ltr'>pacis</span> 
     </span>
     <span class='ocr_line' id='line_1_8' title="bbox 229 911 1164 996; baseline -0.003 -17"><span class='ocrx_word' id='word_1_46' title='bbox 229 916 317 980; x_wconf 86' lang='lat' dir='ltr'>dulce</span> <span class='ocrx_word' id='word_1_47' title='bbox 338 922 385 978; x_wconf 88' lang='lat' dir='ltr'>est</span> <span class='ocrx_word' id='word_1_48' title='bbox 407 922 437 978; x_wconf 87' lang='lat' dir='ltr'>et</span> <span class='ocrx_word' id='word_1_49' title='bbox 459 916 524 996; x_wconf 90' lang='lat' dir='ltr'>ipsa</span> <span class='ocrx_word' id='word_1_50' title='bbox 547 931 598 976; x_wconf 90' lang='lat' dir='ltr'>res</span> <span class='ocrx_word' id='word_1_51' title='bbox 618 914 777 990; x_wconf 89' lang='lat' dir='ltr'>salutaris;</span> <span class='ocrx_word' id='word_1_52' title='bbox 815 913 870 974; x_wconf 91' lang='lat' dir='ltr'>sed</span> <span class='ocrx_word' id='word_1_53' title='bbox 892 911 970 977; x_wconf 85' lang='lat' dir='ltr'>inter</span> <span class='ocrx_word' id='word_1_54' title='bbox 992 933 1102 995; x_wconf 82' lang='lat' dir='ltr'>pacem</span> <span class='ocrx_word' id='word_1_55' title='bbox 1130 922 1164 976; x_wconf 91' lang='lat' dir='ltr'>et</span> 
     </span>
     <span class='ocr_line' id='line_1_9' title="bbox 229 995 1163 1081; baseline -0.003 -18"><span class='ocrx_word' id='word_1_56' title='bbox 229 1000 404 1063; x_wconf 87' lang='lat' dir='ltr'>servitutem</span> <span class='ocrx_word' id='word_1_57' title='bbox 426 999 585 1081; x_wconf 89' lang='lat' dir='ltr'>plurimum</span> <span class='ocrx_word' id='word_1_58' title='bbox 606 998 738 1060; x_wconf 83' lang='lat' dir='ltr'>interest</span> <span class='ocrx_word' id='word_1_59' title='bbox 777 995 846 1058; x_wconf 81' lang='lat' dir='ltr'>¹Pau</span> <span class='ocrx_word' id='word_1_60' title='bbox 870 1003 914 1060; x_wconf 88' lang='lat' dir='ltr'>est</span> <span class='ocrx_word' id='word_1_61' title='bbox 935 999 1098 1078; x_wconf 83' lang='lat' dir='ltr'>tranquilla</span> <span class='ocrx_word' id='word_1_62' title='bbox 1117 999 1163 1060; x_wconf 95' lang='lat' dir='ltr'>li-</span> 
     </span>
     <span class='ocr_line' id='line_1_10' title="bbox 230 1080 1162 1162; baseline -0.001 -18"><span class='ocrx_word' id='word_1_63' title='bbox 230 1083 351 1162; x_wconf 85' lang='lat' dir='ltr'>bertus,</span> <span class='ocrx_word' id='word_1_64' title='bbox 384 1083 513 1145; x_wconf 87' lang='lat' dir='ltr'>servitus</span> <span class='ocrx_word' id='word_1_65' title='bbox 532 1086 716 1162; x_wconf 88' lang='lat' dir='ltr'>postremum</span> <span class='ocrx_word' id='word_1_66' title='bbox 741 1080 886 1142; x_wconf 91' lang='lat' dir='ltr'>malorum</span> <span class='ocrx_word' id='word_1_67' title='bbox 910 1082 1061 1160; x_wconf 90' lang='lat' dir='ltr'>omnium,</span> <span class='ocrx_word' id='word_1_68' title='bbox 1081 1100 1162 1144; x_wconf 87' lang='lat' dir='ltr'>non</span> 
     </span>
     <span class='ocr_line' id='line_1_11' title="bbox 168 1163 1158 1244; baseline 0.004 -22"><span class='ocrx_word' id='word_1_69' title='bbox 168 1171 220 1222; x_wconf 72' lang='lat'>114</span> <span class='ocrx_word' id='word_1_70' title='bbox 231 1167 320 1229; x_wconf 88' lang='lat' dir='ltr'>modo</span> <span class='ocrx_word' id='word_1_71' title='bbox 350 1165 450 1241; x_wconf 88' lang='lat' dir='ltr'>bello,</span> <span class='ocrx_word' id='word_1_72' title='bbox 484 1165 539 1226; x_wconf 92' lang='lat' dir='ltr'>sed</span> <span class='ocrx_word' id='word_1_73' title='bbox 565 1171 662 1226; x_wconf 85' lang='lat' dir='ltr'>ruorie</span> <span class='ocrx_word' id='word_1_74' title='bbox 690 1164 777 1226; x_wconf 83' lang='lat' dir='ltr'>etiam</span> <span class='ocrx_word' id='word_1_75' title='bbox 801 1163 1017 1244; x_wconf 89' lang='lat' dir='ltr'>repellendum.</span> <span class='ocrx_word' id='word_1_76' title='bbox 1067 1165 1158 1236; x_wconf 83' lang='lat' dir='ltr'>Quod</span> 
     </span>
     <span class='ocr_line' id='line_1_12' title="bbox 229 1247 1156 1330; baseline -0.005 -17"><span class='ocrx_word' id='word_1_77' title='bbox 229 1252 257 1314; x_wconf 89' lang='lat' dir='ltr'>si</span> <span class='ocrx_word' id='word_1_78' title='bbox 279 1268 314 1312; x_wconf 92' lang='lat' dir='ltr'>sc</span> <span class='ocrx_word' id='word_1_79' title='bbox 336 1251 420 1330; x_wconf 87' lang='lat' dir='ltr'>ipsos</span> <span class='ocrx_word' id='word_1_80' title='bbox 439 1247 483 1310; x_wconf 96' lang='lat' dir='ltr'>illi</span> <span class='ocrx_word' id='word_1_81' title='bbox 505 1247 601 1309; x_wconf 89' lang='lat' dir='ltr'>nostri</span> <span class='ocrx_word' id='word_1_82' title='bbox 623 1247 799 1308; x_wconf 79' lang='lat' dir='ltr'>liberatores</span> <span class='ocrx_word' id='word_1_83' title='bbox 822 1265 840 1308; x_wconf 90' lang='lat' dir='ltr'>e</span> <span class='ocrx_word' id='word_1_84' title='bbox 863 1255 1028 1328; x_wconf 89' lang='lat' dir='ltr'>conspectu</span> <span class='ocrx_word' id='word_1_85' title='bbox 1050 1255 1156 1310; x_wconf 89' lang='lat' dir='ltr'>nostro</span> 
     </span>
     <span class='ocr_line' id='line_1_13' title="bbox 229 1329 1159 1411; baseline -0.004 -15"><span class='ocrx_word' id='word_1_86' title='bbox 229 1334 434 1407; x_wconf 87' lang='lat' dir='ltr'>absbrlcrunt,</span> <span class='ocrx_word' id='word_1_87' title='bbox 481 1337 511 1392; x_wconf 89' lang='lat' dir='ltr'>at</span> <span class='ocrx_word' id='word_1_88' title='bbox 543 1332 713 1410; x_wconf 85' lang='lat' dir='ltr'>exemplum</span> <span class='ocrx_word' id='word_1_89' title='bbox 741 1329 813 1392; x_wconf 86' lang='lat' dir='ltr'>facti</span> <span class='ocrx_word' id='word_1_90' title='bbox 844 1331 1041 1411; x_wconf 87' lang='lat' dir='ltr'>reliquerunt</span> <span class='ocrx_word' id='word_1_91' title='bbox 1099 1331 1159 1408; x_wconf 92' lang='lat' dir='ltr'>llli,</span> 
     </span>
     <span class='ocr_line' id='line_1_14' title="bbox 229 1411 1159 1498; baseline -0.004 -20"><span class='ocrx_word' id='word_1_92' title='bbox 229 1415 311 1498; x_wconf 84' lang='lat' dir='ltr'>quod</span> <span class='ocrx_word' id='word_1_93' title='bbox 340 1431 429 1478; x_wconf 88' lang='lat' dir='ltr'>nemo</span> <span class='ocrx_word' id='word_1_94' title='bbox 458 1411 591 1492; x_wconf 84' lang='lat' dir='ltr'>lecerat,</span> <span class='ocrx_word' id='word_1_95' title='bbox 628 1413 773 1476; x_wconf 85' lang='lat' dir='ltr'>lecerunt</span> <span class='ocrx_word' id='word_1_96' title='bbox 822 1412 1014 1494; x_wconf 82' lang='lat' dir='ltr'>Tarquinium</span> <span class='ocrx_word' id='word_1_97' title='bbox 1045 1415 1159 1476; x_wconf 90' lang='lat' dir='ltr'>Brutus</span> 
     </span>
     <span class='ocr_line' id='line_1_15' title="bbox 228 1496 1158 1579; baseline -0.003 -18"><span class='ocrx_word' id='word_1_98' title='bbox 228 1500 310 1562; x_wconf 92' lang='lat' dir='ltr'>bello</span> <span class='ocrx_word' id='word_1_99' title='bbox 332 1504 378 1562; x_wconf 84' lang='lat' dir='ltr'>est</span> <span class='ocrx_word' id='word_1_100' title='bbox 401 1503 597 1579; x_wconf 83' lang='lat' dir='ltr'>persecutus,</span> <span class='ocrx_word' id='word_1_101' title='bbox 629 1497 681 1578; x_wconf 88' lang='lat' dir='ltr'>qui</span> <span class='ocrx_word' id='word_1_102' title='bbox 703 1503 763 1558; x_wconf 92' lang='lat' dir='ltr'>tum</span> <span class='ocrx_word' id='word_1_103' title='bbox 784 1513 839 1558; x_wconf 85' lang='lat' dir='ltr'>rex</span> <span class='ocrx_word' id='word_1_104' title='bbox 861 1496 935 1572; x_wconf 87' lang='lat' dir='ltr'>luit,</span> <span class='ocrx_word' id='word_1_105' title='bbox 970 1517 1059 1577; x_wconf 89' lang='lat' dir='ltr'>quum</span> <span class='ocrx_word' id='word_1_106' title='bbox 1084 1515 1158 1560; x_wconf 88' lang='lat' dir='ltr'>esse</span> 
     </span>
     <span class='ocr_line' id='line_1_16' title="bbox 227 1577 1159 1664; baseline -0.001 -19"><span class='ocrx_word' id='word_1_107' title='bbox 227 1583 330 1646; x_wconf 79' lang='lat' dir='ltr'>llomae</span> <span class='ocrx_word' id='word_1_108' title='bbox 362 1599 467 1664; x_wconf 81' lang='lat' dir='ltr'>regem</span> <span class='ocrx_word' id='word_1_109' title='bbox 496 1580 614 1642; x_wconf 88' lang='lat' dir='ltr'>licebat.</span> <span class='ocrx_word' id='word_1_110' title='bbox 657 1579 707 1661; x_wconf 91' lang='lat' dir='ltr'>Sp.</span> <span class='ocrx_word' id='word_1_111' title='bbox 738 1577 879 1657; x_wconf 88' lang='lat' dir='ltr'>Cassius,</span> <span class='ocrx_word' id='word_1_112' title='bbox 917 1579 968 1662; x_wconf 87' lang='lat' dir='ltr'>Sp.</span> <span class='ocrx_word' id='word_1_113' title='bbox 997 1581 1115 1644; x_wconf 84' lang='lat' dir='ltr'>llaelius</span> <span class='ocrx_word' id='word_1_114' title='bbox 1131 1583 1159 1657; x_wconf 87' lang='lat'>¹,</span> 
     </span>
     <span class='ocr_line' id='line_1_17' title="bbox 227 1664 1229 1746; baseline -0.006 -16"><span class='ocrx_word' id='word_1_115' title='bbox 227 1666 267 1730; x_wconf 88' lang='grc' dir='ltr'>Μ.</span> <span class='ocrx_word' id='word_1_116' title='bbox 281 1665 408 1728; x_wconf 83' lang='lat' dir='ltr'>Manlius</span> <span class='ocrx_word' id='word_1_117' title='bbox 429 1671 554 1745; x_wconf 91' lang='lat' dir='ltr'>propter</span> <span class='ocrx_word' id='word_1_118' title='bbox 576 1664 780 1744; x_wconf 86' lang='lat' dir='ltr'>suspicionem</span> <span class='ocrx_word' id='word_1_119' title='bbox 800 1664 888 1746; x_wconf 86' lang='lat' dir='ltr'>regni</span> <span class='ocrx_word' id='word_1_120' title='bbox 908 1664 1066 1745; x_wconf 86' lang='lat' dir='ltr'>appetendi</span> <span class='ocrx_word' id='word_1_121' title='bbox 1084 1669 1159 1726; x_wconf 91' lang='lat' dir='ltr'>sunt</span> <span class='ocrx_word' id='word_1_122' title='bbox 1222 1676 1229 1692; x_wconf 81' lang='lat'>¹</span> 
     </span>
     <span class='ocr_line' id='line_1_18' title="bbox 226 1746 1158 1829; baseline -0.001 -18"><span class='ocrx_word' id='word_1_123' title='bbox 226 1750 335 1812; x_wconf 85' lang='lat' dir='ltr'>necati.</span> <span class='ocrx_word' id='word_1_124' title='bbox 381 1747 418 1810; x_wconf 88' lang='lat' dir='ltr'>lli</span> <span class='ocrx_word' id='word_1_125' title='bbox 450 1747 539 1828; x_wconf 90' lang='lat' dir='ltr'>primi</span> <span class='ocrx_word' id='word_1_126' title='bbox 567 1763 634 1806; x_wconf 88' lang='lat' dir='ltr'>oum</span> <span class='ocrx_word' id='word_1_127' title='bbox 659 1746 770 1828; x_wconf 84' lang='lat' dir='ltr'>gladiis</span> <span class='ocrx_word' id='word_1_128' title='bbox 799 1763 861 1810; x_wconf 91' lang='lat' dir='ltr'>non</span> <span class='ocrx_word' id='word_1_129' title='bbox 884 1748 915 1808; x_wconf 90' lang='lat' dir='ltr'>in</span> <span class='ocrx_word' id='word_1_130' title='bbox 945 1765 1070 1829; x_wconf 88' lang='lat' dir='ltr'>regnum</span> <span class='ocrx_word' id='word_1_131' title='bbox 1096 1767 1158 1829; x_wconf 90' lang='lat' dir='ltr'>ap-</span> 
     </span>
     <span class='ocr_line' id='line_1_19' title="bbox 171 1828 1156 1914; baseline -0.001 -21"><span class='ocrx_word' id='word_1_132' title='bbox 171 1840 173 1850; x_wconf 91' lang='lat'>&#39;</span> <span class='ocrx_word' id='word_1_133' title='bbox 227 1838 390 1914; x_wconf 84' lang='lat' dir='ltr'>petentem,</span> <span class='ocrx_word' id='word_1_134' title='bbox 413 1830 469 1893; x_wconf 89' lang='lat' dir='ltr'>sed</span> <span class='ocrx_word' id='word_1_135' title='bbox 485 1830 517 1892; x_wconf 92' lang='lat' dir='ltr'>in</span> <span class='ocrx_word' id='word_1_136' title='bbox 534 1837 711 1910; x_wconf 81' lang='lat' dir='ltr'>regnantem</span> <span class='ocrx_word' id='word_1_137' title='bbox 727 1831 869 1910; x_wconf 89' lang='lat' dir='ltr'>impetum</span> <span class='ocrx_word' id='word_1_138' title='bbox 887 1828 1033 1892; x_wconf 86' lang='lat' dir='ltr'>fecerunt.</span> <span class='ocrx_word' id='word_1_139' title='bbox 1066 1830 1156 1902; x_wconf 86' lang='lat' dir='ltr'>Quod</span> 
     </span>
     <span class='ocr_line' id='line_1_20' title="bbox 204 1911 1154 1994; baseline -0.003 -19"><span class='ocrx_word' id='word_1_140' title='bbox 204 1932 320 1994; x_wconf 71' lang='lat' dir='ltr'>uuum</span> <span class='ocrx_word' id='word_1_141' title='bbox 350 1913 449 1994; x_wconf 89' lang='lat' dir='ltr'>ipsum</span> <span class='ocrx_word' id='word_1_142' title='bbox 480 1911 591 1974; x_wconf 89' lang='lat' dir='ltr'>lactum</span> <span class='ocrx_word' id='word_1_143' title='bbox 622 1929 679 1992; x_wconf 90' lang='lat' dir='ltr'>per</span> <span class='ocrx_word' id='word_1_144' title='bbox 708 1931 744 1974; x_wconf 91' lang='lat' dir='ltr'>se</span> <span class='ocrx_word' id='word_1_145' title='bbox 776 1913 952 1992; x_wconf 82' lang='lat' dir='ltr'>praclarum</span> <span class='ocrx_word' id='word_1_146' title='bbox 979 1917 1034 1975; x_wconf 89' lang='lat' dir='ltr'>&#39;cst</span> <span class='ocrx_word' id='word_1_147' title='bbox 1063 1921 1154 1994; x_wconf 84' lang='lat' dir='ltr'>atque</span> 
     </span>
     <span class='ocr_line' id='line_1_21' title="bbox 229 1995 1157 2078; baseline 0 -20"><span class='ocrx_word' id='word_1_148' title='bbox 229 1997 383 2071; x_wconf 90' lang='lat' dir='ltr'>divinum,</span> <span class='ocrx_word' id='word_1_149' title='bbox 418 2003 480 2058; x_wconf 85' lang='lat' dir='ltr'>tum</span> <span class='ocrx_word' id='word_1_150' title='bbox 503 1995 674 2075; x_wconf 85' lang='lat' dir='ltr'>expositum</span> <span class='ocrx_word' id='word_1_151' title='bbox 695 1995 733 2058; x_wconf 91' lang='lat' dir='ltr'>ad</span> <span class='ocrx_word' id='word_1_152' title='bbox 757 1996 947 2070; x_wconf 88' lang='lat' dir='ltr'>imitandum;</span> <span class='ocrx_word' id='word_1_153' title='bbox 988 1997 1157 2078; x_wconf 86' lang='lat' dir='ltr'>praesertim</span> 
     </span>
     <span class='ocr_line' id='line_1_22' title="bbox 229 2076 1156 2160; baseline -0.001 -19"><span class='ocrx_word' id='word_1_154' title='bbox 229 2097 321 2160; x_wconf 78' lang='lat' dir='ltr'>qurum</span> <span class='ocrx_word' id='word_1_155' title='bbox 342 2079 386 2140; x_wconf 94' lang='lat' dir='ltr'>illi</span> <span class='ocrx_word' id='word_1_156' title='bbox 408 2096 475 2155; x_wconf 78' lang='lat' dir='ltr'>eam</span> <span class='ocrx_word' id='word_1_157' title='bbox 494 2076 622 2158; x_wconf 83' lang='lat' dir='ltr'>gloriam</span> <span class='ocrx_word' id='word_1_158' title='bbox 644 2079 798 2140; x_wconf 87' lang='lat' dir='ltr'>consecuti</span> <span class='ocrx_word' id='word_1_159' title='bbox 820 2080 896 2156; x_wconf 87' lang='lat' dir='ltr'>sint,</span> <span class='ocrx_word' id='word_1_160' title='bbox 919 2096 985 2160; x_wconf 87' lang='lat' dir='ltr'>quae</span> <span class='ocrx_word' id='word_1_161' title='bbox 1005 2079 1156 2142; x_wconf 83' lang='lat' dir='ltr'>vix&#39;caelo</span> 
     </span>
     <span class='ocr_line' id='line_1_23' title="bbox 229 2158 1157 2243; baseline 0 -20"><span class='ocrx_word' id='word_1_162' title='bbox 229 2162 296 2242; x_wconf 89' lang='lat' dir='ltr'>oapi</span> <span class='ocrx_word' id='word_1_163' title='bbox 317 2178 410 2242; x_wconf 89' lang='lat' dir='ltr'>posse</span> <span class='ocrx_word' id='word_1_164' title='bbox 430 2158 576 2222; x_wconf 81' lang='lat' dir='ltr'>videatur.</span> <span class='ocrx_word' id='word_1_165' title='bbox 623 2160 686 2222; x_wconf 83' lang='lat' dir='ltr'>Etsi</span> <span class='ocrx_word' id='word_1_166' title='bbox 708 2162 786 2222; x_wconf 88' lang='lat' dir='ltr'>enim</span> <span class='ocrx_word' id='word_1_167' title='bbox 811 2162 884 2224; x_wconf 90' lang='lat' dir='ltr'>satis</span> <span class='ocrx_word' id='word_1_168' title='bbox 914 2164 944 2224; x_wconf 93' lang='lat' dir='ltr'>in</span> <span class='ocrx_word' id='word_1_169' title='bbox 978 2163 1045 2243; x_wconf 90' lang='lat' dir='ltr'>ipsa</span> <span class='ocrx_word' id='word_1_170' title='bbox 1075 2180 1157 2224; x_wconf 89' lang='lat' dir='ltr'>con-</span> 
     </span>
     <span class='ocr_line' id='line_1_24' title="bbox 229 2240 1156 2324; baseline -0.001 -17"><span class='ocrx_word' id='word_1_171' title='bbox 229 2245 354 2307; x_wconf 90' lang='lat' dir='ltr'>scientia</span> <span class='ocrx_word' id='word_1_172' title='bbox 375 2243 569 2324; x_wconf 88' lang='lat' dir='ltr'>pulcherrimi</span> <span class='ocrx_word' id='word_1_173' title='bbox 594 2240 806 2310; x_wconf 76' lang='lat' dir='ltr'>lautilruotus</span> <span class='ocrx_word' id='word_1_174' title='bbox 830 2250 913 2323; x_wconf 84' lang='lat' dir='ltr'>erat,</span> <span class='ocrx_word' id='word_1_175' title='bbox 944 2251 1156 2306; x_wconf 80' lang='lat' dir='ltr'>tamcn‘mor-</span> 
     </span>
     <span class='ocr_line' id='line_1_25' title="bbox 229 2323 1155 2406; baseline 0 -16"><span class='ocrx_word' id='word_1_176' title='bbox 229 2328 281 2390; x_wconf 90' lang='lat' dir='ltr'>tali</span> <span class='ocrx_word' id='word_1_177' title='bbox 302 2327 552 2391; x_wconf 85' lang='lat' dir='ltr'>immortalitatem</span> <span class='ocrx_word' id='word_1_178' title='bbox 571 2343 632 2388; x_wconf 88' lang='lat' dir='ltr'>nou</span> <span class='ocrx_word' id='word_1_179' title='bbox 654 2327 783 2390; x_wconf 90' lang='lat' dir='ltr'>arbitror</span> <span class='ocrx_word' id='word_1_180' title='bbox 805 2346 874 2391; x_wconf 90' lang='lat' dir='ltr'>esse</span> <span class='ocrx_word' id='word_1_181' title='bbox 896 2323 1155 2406; x_wconf 82' lang='lat' dir='ltr'>contemnebdam.</span> 
     </span>
     <span class='ocr_line' id='line_1_26' title="bbox 118 2395 1156 2492; baseline 0.004 -22"><span class='ocrx_word' id='word_1_182' title='bbox 118 2395 402 2474; x_wconf 73' lang='lat' dir='ltr'>45115Reoordare</span> <span class='ocrx_word' id='word_1_183' title='bbox 423 2411 517 2492; x_wconf 83' lang='lat' dir='ltr'>igitur</span> <span class='ocrx_word' id='word_1_184' title='bbox 538 2409 631 2486; x_wconf 92' lang='lat' dir='ltr'>illum,</span> <span class='ocrx_word' id='word_1_185' title='bbox 652 2409 690 2472; x_wconf 84' lang='lat' dir='ltr'>ll.</span> <span class='ocrx_word' id='word_1_186' title='bbox 714 2410 837 2487; x_wconf 82' lang='lat' dir='ltr'>Antoni,</span> <span class='ocrx_word' id='word_1_187' title='bbox 859 2411 948 2489; x_wconf 89' lang='lat' dir='ltr'>diem,</span> <span class='ocrx_word' id='word_1_188' title='bbox 970 2429 1030 2491; x_wconf 86' lang='lat' dir='ltr'>quo</span> <span class='ocrx_word' id='word_1_189' title='bbox 1057 2413 1156 2474; x_wconf 90' lang='lat' dir='ltr'>dicta-</span> 
     </span>
     <span class='ocr_line' id='line_1_27' title="bbox 230 2492 1156 2573; baseline 0.001 -17"><span class='ocrx_word' id='word_1_190' title='bbox 230 2502 327 2556; x_wconf 87' lang='lat' dir='ltr'>turam</span> <span class='ocrx_word' id='word_1_191' title='bbox 348 2492 513 2567; x_wconf 82' lang='lat' dir='ltr'>suslulisti3</span> <span class='ocrx_word' id='word_1_192' title='bbox 558 2509 640 2573; x_wconf 91' lang='lat' dir='ltr'>poue</span> <span class='ocrx_word' id='word_1_193' title='bbox 661 2498 730 2554; x_wconf 83' lang='lat' dir='ltr'>ante</span> <span class='ocrx_word' id='word_1_194' title='bbox 752 2493 858 2556; x_wconf 92' lang='lat' dir='ltr'>oculos</span> <span class='ocrx_word' id='word_1_195' title='bbox 881 2493 1009 2558; x_wconf 78' lang='lat' dir='ltr'>laetitiam</span> <span class='ocrx_word' id='word_1_196' title='bbox 1032 2503 1156 2557; x_wconf 90' lang='lat' dir='ltr'>senatus</span> 
     </span>
     <span class='ocr_line' id='line_1_28' title="bbox 229 2574 1244 2658; baseline 0.004 -20"><span class='ocrx_word' id='word_1_197' title='bbox 229 2578 395 2658; x_wconf 87' lang='lat' dir='ltr'>populique</span> <span class='ocrx_word' id='word_1_198' title='bbox 415 2574 558 2650; x_wconf 80' lang='lat' dir='ltr'>llomaui3</span> <span class='ocrx_word' id='word_1_199' title='bbox 596 2575 702 2644; x_wconf 88' lang='lat' dir='ltr'>conler</span> <span class='ocrx_word' id='word_1_200' title='bbox 732 2595 800 2638; x_wconf 92' lang='lat' dir='ltr'>cum</span> <span class='ocrx_word' id='word_1_201' title='bbox 825 2578 882 2639; x_wconf 88' lang='lat' dir='ltr'>bac</span> <span class='ocrx_word' id='word_1_202' title='bbox 909 2577 1153 2640; x_wconf 76' lang='lat' dir='ltr'>nundinatione²</span> <span class='ocrx_word' id='word_1_203' title='bbox 1243 2629 1244 2642; x_wconf 67' lang='grc'>,</span> 
     </span>
     <span class='ocr_line' id='line_1_29' title="bbox 122 2658 1244 2742; baseline 0.003 -20"><span class='ocrx_word' id='word_1_204' title='bbox 122 2679 128 2694; x_wconf 88' lang='grc'><em>’</em></span> <span class='ocrx_word' id='word_1_205' title='bbox 227 2666 278 2722; x_wconf 87' lang='lat' dir='ltr'>lua</span> <span class='ocrx_word' id='word_1_206' title='bbox 301 2666 497 2740; x_wconf 90' lang='lat' dir='ltr'>tuorumque;</span> <span class='ocrx_word' id='word_1_207' title='bbox 537 2664 599 2720; x_wconf 93' lang='lat' dir='ltr'>tum</span> <span class='ocrx_word' id='word_1_208' title='bbox 619 2658 790 2741; x_wconf 85' lang='lat' dir='ltr'>intelliges,</span> <span class='ocrx_word' id='word_1_209' title='bbox 820 2666 961 2742; x_wconf 87' lang='lat' dir='ltr'>quantum</span> <span class='ocrx_word' id='word_1_210' title='bbox 985 2661 1065 2722; x_wconf 87' lang='lat' dir='ltr'>inter</span> <span class='ocrx_word' id='word_1_211' title='bbox 1084 2661 1156 2724; x_wconf 85' lang='lat' dir='ltr'>lau·</span> <span class='ocrx_word' id='word_1_212' title='bbox 1243 2695 1244 2702; x_wconf 20' lang='grc' dir='ltr'><strong>κ</strong></span> 
     </span>
     <span class='ocr_line' id='line_1_30' title="bbox 229 2740 1244 2824; baseline 0.001 -19"><span class='ocrx_word' id='word_1_213' title='bbox 229 2743 297 2806; x_wconf 87' lang='lat' dir='ltr'>dem</span> <span class='ocrx_word' id='word_1_214' title='bbox 319 2749 351 2804; x_wconf 88' lang='lat' dir='ltr'>et</span> <span class='ocrx_word' id='word_1_215' title='bbox 377 2742 491 2804; x_wconf 91' lang='lat' dir='ltr'>lucrum</span> <span class='ocrx_word' id='word_1_216' title='bbox 515 2740 640 2804; x_wconf 85' lang='lat' dir='ltr'>intersit</span> <span class='ocrx_word' id='word_1_217' title='bbox 686 2740 747 2805; x_wconf 88' lang='lat' dir='ltr'>Sed</span> <span class='ocrx_word' id='word_1_218' title='bbox 779 2744 934 2820; x_wconf 88' lang='lat' dir='ltr'>nimirum,</span> <span class='ocrx_word' id='word_1_219' title='bbox 970 2750 1004 2804; x_wconf 91' lang='lat' dir='ltr'>ut</span> <span class='ocrx_word' id='word_1_220' title='bbox 1034 2745 1155 2824; x_wconf 88' lang='lat' dir='ltr'>quidam</span> <span class='ocrx_word' id='word_1_221' title='bbox 1243 2745 1244 2806; x_wconf 59' lang='grc' dir='ltr'>ξ</span> 
     </span>
     <span class='ocr_line' id='line_1_31' title="bbox 228 2825 1155 2906; baseline 0 -17"><span class='ocrx_word' id='word_1_222' title='bbox 228 2825 336 2892; x_wconf 87' lang='lat' dir='ltr'>morbo</span> <span class='ocrx_word' id='word_1_223' title='bbox 361 2825 461 2906; x_wconf 86' lang='lat' dir='ltr'>aliquo</span> <span class='ocrx_word' id='word_1_224' title='bbox 485 2830 514 2886; x_wconf 91' lang='lat' dir='ltr'>et</span> <span class='ocrx_word' id='word_1_225' title='bbox 535 2843 643 2886; x_wconf 89' lang='lat' dir='ltr'>sensus</span> <span class='ocrx_word' id='word_1_226' title='bbox 668 2829 792 2906; x_wconf 88' lang='lat' dir='ltr'>stupore</span> <span class='ocrx_word' id='word_1_227' title='bbox 812 2828 987 2890; x_wconf 87' lang='lat' dir='ltr'>suavitatem</span> <span class='ocrx_word' id='word_1_228' title='bbox 1009 2828 1069 2889; x_wconf 91' lang='lat' dir='ltr'>cibi</span> <span class='ocrx_word' id='word_1_229' title='bbox 1091 2845 1155 2890; x_wconf 89' lang='lat' dir='ltr'>nou</span> 
     </span>
     <span class='ocr_line' id='line_1_32' title="bbox 194 2907 1156 2986; baseline 0 -14"><span class='ocrx_word' id='word_1_230' title='bbox 194 2929 201 2948; x_wconf 88' lang='lat'><strong>·</strong></span> <span class='ocrx_word' id='word_1_231' title='bbox 229 2910 379 2985; x_wconf 86' lang='lat' dir='ltr'>sentiunt,</span> <span class='ocrx_word' id='word_1_232' title='bbox 411 2908 456 2970; x_wconf 88' lang='lat' dir='ltr'>sic</span> <span class='ocrx_word' id='word_1_233' title='bbox 477 2907 640 2983; x_wconf 89' lang='lat' dir='ltr'>libidinosi,</span> <span class='ocrx_word' id='word_1_234' title='bbox 666 2909 759 2986; x_wconf 85' lang='lat' dir='ltr'>avari,</span> <span class='ocrx_word' id='word_1_235' title='bbox 790 2908 956 2972; x_wconf 87' lang='lat' dir='ltr'>facinorosi</span> <span class='ocrx_word' id='word_1_236' title='bbox 980 2928 1062 2972; x_wconf 82' lang='lat' dir='ltr'>verae</span> <span class='ocrx_word' id='word_1_237' title='bbox 1084 2910 1156 2972; x_wconf 89' lang='lat' dir='ltr'>lau-</span> 
     </span>
     <span class='ocr_line' id='line_1_33' title="bbox 229 2991 1155 3074; baseline 0.001 -19"><span class='ocrx_word' id='word_1_238' title='bbox 229 2993 276 3055; x_wconf 89' lang='lat' dir='ltr'>dis</span> <span class='ocrx_word' id='word_1_239' title='bbox 300 2998 449 3074; x_wconf 88' lang='lat' dir='ltr'>gustatum</span> <span class='ocrx_word' id='word_1_240' title='bbox 474 3008 535 3054; x_wconf 92' lang='lat' dir='ltr'>non</span> <span class='ocrx_word' id='word_1_241' title='bbox 556 2991 674 3054; x_wconf 84' lang='lat' dir='ltr'>babent.</span> <span class='ocrx_word' id='word_1_242' title='bbox 725 2991 785 3055; x_wconf 89' lang='lat' dir='ltr'>Sed</span> <span class='ocrx_word' id='word_1_243' title='bbox 815 2995 843 3056; x_wconf 89' lang='lat' dir='ltr'>si</span> <span class='ocrx_word' id='word_1_244' title='bbox 871 3000 901 3054; x_wconf 89' lang='lat' dir='ltr'>tc</span> <span class='ocrx_word' id='word_1_245' title='bbox 930 2993 998 3056; x_wconf 90' lang='lat' dir='ltr'>laus</span> <span class='ocrx_word' id='word_1_246' title='bbox 1030 2993 1155 3056; x_wconf 89' lang='lat' dir='ltr'>allicere</span> 
     </span>
     <span class='ocr_line' id='line_1_34' title="bbox 230 3074 1156 3157; baseline 0.002 -19"><span class='ocrx_word' id='word_1_247' title='bbox 230 3075 268 3138; x_wconf 93' lang='lat' dir='ltr'>ad</span> <span class='ocrx_word' id='word_1_248' title='bbox 289 3079 372 3136; x_wconf 85' lang='lat' dir='ltr'>recle</span> <span class='ocrx_word' id='word_1_249' title='bbox 394 3074 563 3136; x_wconf 90' lang='lat' dir='ltr'>laciendum</span> <span class='ocrx_word' id='word_1_250' title='bbox 585 3092 645 3135; x_wconf 90' lang='lat' dir='ltr'>non</span> <span class='ocrx_word' id='word_1_251' title='bbox 667 3081 785 3156; x_wconf 90' lang='lat' dir='ltr'>potest,</span> <span class='ocrx_word' id='word_1_252' title='bbox 815 3094 854 3138; x_wconf 90' lang='lat' dir='ltr'>ne</span> <span class='ocrx_word' id='word_1_253' title='bbox 875 3081 972 3138; x_wconf 90' lang='lat' dir='ltr'>metus</span> <span class='ocrx_word' id='word_1_254' title='bbox 993 3077 1114 3157; x_wconf 89' lang='lat' dir='ltr'>quidem</span> <span class='ocrx_word' id='word_1_255' title='bbox 1138 3097 1156 3140; x_wconf 89' lang='lat' dir='ltr'>a</span> 
     </span>
     <span class='ocr_line' id='line_1_35' title="bbox 186 3151 1157 3238; baseline 0.001 -18"><span class='ocrx_word' id='word_1_256' title='bbox 186 3151 190 3162; x_wconf 64' lang='grc'><strong>“</strong></span> <span class='ocrx_word' id='word_1_257' title='bbox 214 3157 414 3238; x_wconf 56' lang='lat' dir='ltr'>,foedissimis</span> <span class='ocrx_word' id='word_1_258' title='bbox 437 3157 524 3220; x_wconf 87' lang='lat' dir='ltr'>lactis</span> <span class='ocrx_word' id='word_1_259' title='bbox 545 3163 644 3238; x_wconf 90' lang='lat' dir='ltr'>potest</span> <span class='ocrx_word' id='word_1_260' title='bbox 673 3159 824 3222; x_wconf 85' lang='lat' dir='ltr'>avocare?</span> <span class='ocrx_word' id='word_1_261' title='bbox 863 3158 976 3221; x_wconf 91' lang='lat' dir='ltr'>ludicia</span> <span class='ocrx_word' id='word_1_262' title='bbox 1000 3177 1062 3231; x_wconf 90' lang='lat' dir='ltr'>non</span> <span class='ocrx_word' id='word_1_263' title='bbox 1086 3179 1157 3221; x_wconf 92' lang='lat' dir='ltr'>me-</span> 
     </span>
     <span class='ocr_line' id='line_1_36' title="bbox 228 3241 1243 3330; baseline 0.002 -26"><span class='ocrx_word' id='word_1_264' title='bbox 228 3243 296 3304; x_wconf 80' lang='lat' dir='ltr'>tuis</span> <span class='ocrx_word' id='word_1_265' title='bbox 349 3241 382 3304; x_wconf 87' lang='lat' dir='ltr'>Si</span> <span class='ocrx_word' id='word_1_266' title='bbox 403 3246 528 3322; x_wconf 85' lang='lat' dir='ltr'>propter</span> <span class='ocrx_word' id='word_1_267' title='bbox 549 3242 770 3319; x_wconf 85' lang='lat' dir='ltr'>innocentiam,</span> <span class='ocrx_word' id='word_1_268' title='bbox 801 3241 909 3316; x_wconf 88' lang='lat' dir='ltr'>laudo;</span> <span class='ocrx_word' id='word_1_269' title='bbox 956 3243 1003 3304; x_wconf 92' lang='lat' dir='ltr'>sin</span> <span class='ocrx_word' id='word_1_270' title='bbox 1028 3251 1156 3324; x_wconf 91' lang='lat' dir='ltr'>propter</span> <span class='ocrx_word' id='word_1_271' title='bbox 1242 3303 1243 3330; x_wconf 60' lang='lat'>,</span> 
     </span>
     <span class='ocr_line' id='line_1_37' title="bbox 210 3323 1243 3404; baseline 0 -18"><span class='ocrx_word' id='word_1_272' title='bbox 210 3327 299 3402; x_wconf 61' lang='lat' dir='ltr'>uim,</span> <span class='ocrx_word' id='word_1_273' title='bbox 323 3341 385 3388; x_wconf 88' lang='lat' dir='ltr'>nun</span> <span class='ocrx_word' id='word_1_274' title='bbox 404 3323 557 3404; x_wconf 88' lang='lat' dir='ltr'>intelligis,</span> <span class='ocrx_word' id='word_1_275' title='bbox 579 3326 630 3403; x_wconf 90' lang='lat' dir='ltr'>qui</span> <span class='ocrx_word' id='word_1_276' title='bbox 652 3325 709 3386; x_wconf 91' lang='lat' dir='ltr'>isto</span> <span class='ocrx_word' id='word_1_277' title='bbox 726 3326 815 3388; x_wconf 91' lang='lat' dir='ltr'>modo</span> <span class='ocrx_word' id='word_1_278' title='bbox 832 3326 944 3388; x_wconf 90' lang='lat' dir='ltr'>iudicia</span> <span class='ocrx_word' id='word_1_279' title='bbox 962 3343 1023 3387; x_wconf 92' lang='lat' dir='ltr'>non</span> <span class='ocrx_word' id='word_1_280' title='bbox 1040 3327 1155 3404; x_wconf 87' lang='lat' dir='ltr'>timeat,</span> <span class='ocrx_word' id='word_1_281' title='bbox 1242 3345 1243 3386; x_wconf 76' lang='lat'>3</span> 
     </span>
     <span class='ocr_line' id='line_1_38' title="bbox 64 3407 1243 3508; baseline 0.001 -38"><span class='ocrx_word' id='word_1_282' title='bbox 64 3426 67 3436; x_wconf 92' lang='lat'>·</span> <span class='ocrx_word' id='word_1_283' title='bbox 169 3422 219 3471; x_wconf 82' lang='lat'>116</span> <span class='ocrx_word' id='word_1_284' title='bbox 231 3408 259 3470; x_wconf 91' lang='lat' dir='ltr'>ei</span> <span class='ocrx_word' id='word_1_285' title='bbox 283 3407 354 3488; x_wconf 88' lang='lat' dir='ltr'>quid</span> <span class='ocrx_word' id='word_1_286' title='bbox 380 3407 540 3470; x_wconf 87' lang='lat' dir='ltr'>timendum</span> <span class='ocrx_word' id='word_1_287' title='bbox 562 3407 627 3468; x_wconf 81' lang='lat' dir='ltr'>sit?</span> <span class='ocrx_word' id='word_1_288' title='bbox 672 3407 759 3480; x_wconf 83' lang='lat' dir='ltr'>Quod</span> <span class='ocrx_word' id='word_1_289' title='bbox 788 3409 814 3470; x_wconf 93' lang='lat' dir='ltr'>si</span> <span class='ocrx_word' id='word_1_290' title='bbox 844 3425 906 3470; x_wconf 91' lang='lat' dir='ltr'>non</span> <span class='ocrx_word' id='word_1_291' title='bbox 935 3409 1041 3471; x_wconf 90' lang='lat' dir='ltr'>metuis</span> <span class='ocrx_word' id='word_1_292' title='bbox 1071 3411 1157 3472; x_wconf 84' lang='lat' dir='ltr'>viros</span> <span class='ocrx_word' id='word_1_293' title='bbox 1242 3451 1243 3508; x_wconf 44' lang='lat' dir='ltr'>p</span> 
     </span>
     <span class='ocr_line' id='line_1_39' title="bbox 229 3490 1243 3575; baseline 0.003 -23"><span class='ocrx_word' id='word_1_294' title='bbox 229 3491 325 3553; x_wconf 82' lang='lat' dir='ltr'>fortes</span> <span class='ocrx_word' id='word_1_295' title='bbox 347 3493 552 3574; x_wconf 83' lang='lat' dir='ltr'>egregiosque</span> <span class='ocrx_word' id='word_1_296' title='bbox 574 3490 675 3570; x_wconf 87' lang='lat' dir='ltr'>cives,</span> <span class='ocrx_word' id='word_1_297' title='bbox 707 3492 789 3572; x_wconf 93' lang='lat' dir='ltr'>quod</span> <span class='ocrx_word' id='word_1_298' title='bbox 812 3511 829 3554; x_wconf 91' lang='lat' dir='ltr'>a</span> <span class='ocrx_word' id='word_1_299' title='bbox 852 3509 982 3575; x_wconf 88' lang='lat' dir='ltr'>corpore</span> <span class='ocrx_word' id='word_1_300' title='bbox 1003 3499 1055 3573; x_wconf 78' lang='lat' dir='ltr'>tuo</span> <span class='ocrx_word' id='word_1_301' title='bbox 1077 3511 1156 3574; x_wconf 91' lang='lat' dir='ltr'>pro·</span> <span class='ocrx_word' id='word_1_302' title='bbox 1242 3515 1243 3520; x_wconf 45' lang='lat'>¹</span> 
     </span>
    </p>
   </div>
   <div class='ocr_carea' id='block_1_3' title="bbox 202 3693 1156 3814">
    <p class='ocr_par' dir='ltr' id='par_1_3' title="bbox 202 3693 1156 3814">
     <span class='ocr_line' id='line_1_40' title="bbox 268 3693 1156 3812; baseline 0.014 -69"><span class='ocrx_word' id='word_1_303' title='bbox 268 3693 277 3724; x_wconf 92' lang='lat'>¹</span> <span class='ocrx_word' id='word_1_304' title='bbox 300 3694 363 3812; x_wconf 71' lang='lat' dir='ltr'>tl&#39;at.</span> <span class='ocrx_word' id='word_1_305' title='bbox 382 3722 417 3734; x_wconf 90' lang='lat'>—·</span> <span class='ocrx_word' id='word_1_306' title='bbox 436 3697 523 3764; x_wconf 88' lang='lat' dir='ltr'>Spurii</span> <span class='ocrx_word' id='word_1_307' title='bbox 542 3694 655 3764; x_wconf 78' lang='lat' dir='ltr'>Cassius,</span> <span class='ocrx_word' id='word_1_308' title='bbox 675 3697 781 3750; x_wconf 85' lang='lat' dir='ltr'>llaellus.</span> <span class='ocrx_word' id='word_1_309' title='bbox 832 3699 845 3730; x_wconf 76' lang='lat'>²</span> <span class='ocrx_word' id='word_1_310' title='bbox 865 3699 914 3752; x_wconf 83' lang='lat' dir='ltr'>hac</span> <span class='ocrx_word' id='word_1_311' title='bbox 930 3701 1037 3752; x_wconf 82' lang='lat' dir='ltr'>irnnrnni</span> <span class='ocrx_word' id='word_1_312' title='bbox 1058 3693 1156 3754; x_wconf 79' lang='lat' dir='ltr'>nundi·</span> 
     </span>
     <span class='ocr_line' id='line_1_41' title="bbox 202 3779 692 3814; baseline 0.018 -4"><span class='ocrx_word' id='word_1_313' title='bbox 202 3803 206 3810; x_wconf 79' lang='grc'>,</span> <span class='ocrx_word' id='word_1_314' title='bbox 265 3779 298 3814; x_wconf 83' lang='lat' dir='ltr'>na</span> <span class='ocrx_word' id='word_1_315' title='bbox 310 3779 378 3814; x_wconf 86' lang='lat' dir='ltr'>rone.</span> <span class='ocrx_word' id='word_1_316' title='bbox 690 3797 692 3800; x_wconf 95' lang='lat'>·</span> 
     </span>
    </p>
   </div>
   <div class='ocr_carea' id='block_1_4' title="bbox 0 0 1250 4316">
    <p class='ocr_par' dir='ltr' id='par_1_4' title="bbox 0 0 1250 4316">
     <span class='ocr_line' id='line_1_42' title="bbox 0 0 1250 4316; baseline 0 0"><span class='ocrx_word' id='word_1_317' title='bbox 0 0 1250 4316; x_wconf 95' lang='lat' dir='ltr'> </span> 
     </span>
    </p>
   </div>
  </div>
 </body>
</html>
