2546 4310
158 165 852 276 nno-sex.noser-onmnn-rno.
939 206 974 258 ιι

44 380 96 436 tam
118 371 407 453 leraimmanisqne
430 369 566 440 notua?
584 379 588 386 '
606 369 681 444 Quis
702 381 843 454 umquam
866 373 973 456 praedo

44 457 94 519 luit
106 463 165 518 tam
185 455 337 532 helarius,
359 456 427 536 quis
445 455 545 538 pirata
565 460 624 516 tam
643 455 800 535 barbaros,
819 463 972 540 utquam

44 543 182 623 integram
204 539 338 622 predam
361 540 428 602 sine
453 539 603 621 sanguine
626 537 739 602 habere
759 547 874 621 posset,
897 557 971 603 eru-

44 630 103 686 enta
124 622 227 712 spolia
253 623 412 684 detrahere
434 620 562 684 mallet?
609 621 675 686 Scis
704 620 784 686 hune
814 624 889 687 nihil
911 625 1035 688 het-14⁷

45 708 117 785 here,
139 707 219 770 nihil
243 706 366 784 audere,
390 706 467 769 nihil
486 722 591 787 posse,
612 705 689 768 nihil
709 723 849 790 umquam
866 714 972 770 eontra
1107 725 1113 730 ·

48 810 99 852 rem
118 796 199 854 taam
224 791 394 873 cogitasse,
418 797 448 851 et
472 796 571 852 tamen
592 805 752 872 oppugnas
776 809 856 870 eum,
882 810 972 872 quem
1033 865 1037 870 Ι

49 892 131 955 neque
152 881 294 936 metuere
316 879 404 956 potes
428 891 528 954 neque
551 873 653 938 odisse
670 874 784 937 debes-
798 893 857 937 nec
880 876 975 956 quid-

50 959 123 1038 quam
144 958 262 1021 hahere
286 958 345 1020 iarn
368 956 478 1038 reliqui
501 955 604 1033 vides,
622 958 719 1040 ‘quod
750 959 780 1021 ei
813 958 973 1021 detrahere

50 1043 153 1122 possis;
190 1042 255 1104 nisi
273 1040 333 1103 hoe
355 1039 512 1122 indignum
532 1046 630 1121 putas,
651 1041 733 1122 quod
756 1043 897 1104 vestitum
918 1059 974 1104 se-

51 1125 110 1186 dere
131 1125 161 1186 in
184 1125 305 1188 iudicio
327 1124 433 1202 vides,
457 1142 546 1205 quem
573 1131 605 1187 tu
630 1143 647 1186 e
670 1126 871 1206 patrimonio,
893 1131 974 1188 tarn-

52 1227 125 1288 quam
146 1226 165 1270 e
186 1207 363 1291 naufragio,
384 1207 496 1270 nudum
517 1205 667 1290 expulisti.
711 1208 805 1282 Quasi
823 1226 897 1272 vero
914 1227 974 1270 ne-

53 1292 127 1368 scias,
149 1291 232 1355 huno
249 1297 280 1354 et
297 1292 337 1353 ali
353 1297 384 1354 et
400 1292 504 1354 vestiri
527 1309 544 1353 a
564 1291 695 1370 Caeoilia,
717 1292 879 1373 [Balearici
901 1291 975 1369 lilia,
1014 1302 1022 1314 ‘

53 1374 162 1456 Nepotis
186 1392 299 1438 sorore
311 1373 358 1454 ,]¹
393 1376 611 1456 spectatissima
634 1374 764 1454 semina,
796 1395 863 1458 que
883 1394 975 1457 quum

53 1465 152 1538 patrem
177 1458 402 1535 clarissimum,
437 1458 640 1539 amplissimos
663 1465 808 1540 patruos,
841 1461 975 1522 ornatis-

57 1541 296 1607 sinum'fratrem
319 1540 462 1618 haberet,
491 1547 608 1618 tamen,
639 1559 730 1622 quarn
750 1549 831 1606 esset
853 1543 998 1617 mulier‚‘

58 1625 147 1686 uirtute
169 1625 321 1708 perfecit,
337 1630 401 1703 ut,
426 1631 538 1704 quanto
560 1622 678 1686 honore
702 1627 832 1707 ipsoex
853 1626 975 1688 illorum

60 1707 184 1789 dignitate
208 1704 403 1786 alliceretur,
430 1723 492 1770 non
514 1707 631 1769 minora
656 1708 717 1771 illis
739 1713 914 1772 ornamenta
936 1725 976 1770 ex

61 1807 102 1852 sna
122 1793 205 1856 laude
229 1791 383 1854 redderet.
431 1789 480 1852 An
505 1790 586 1871 quod
608 1790 770 1874 diligenter
790 1791 973 1869 defenditur,
986 1785 1086 1859 14851

62 1873 85 1934 id
107 1876 156 1938 tibi
177 1875 336 1958 indignum
360 1873 478 1937 larinus
508 1874 651 1936 videtur?
698 1875 770 1938 ltlihi
801 1875 911 1951 erede,
946 1875 975 1938 si
1038 1903 1040 1911 ι

63 1973 105 2035 pro
128 1961 217 2040 patris
237 1960 306 2022 eius
329 1958 469 2040 hospitiis
493 1963 523 2020 et
542 1958 638 2039 gratia
659 1958 772 2020 vellent
793 1977 898 2022 ornnes
915 1959 978 2020 hu-

64 2040 257 2124 inhospites
288 2040 397 2104 adesse
427 2047 459 2106 et
493 2041 640 2103 auderent
670 2039 775 2104 libere.
800 2041 977 2119 defendere,
1035 2071 1037 2080 ι

67 2125 120 2186 solis
139 2127 264 2208 copiose
287 2124 517 2201 defenderetur3
551 2126 598 2188 sin
624 2131 721 2188 autem
743 2145 799 2207 pro
822 2127 977 2208 magnitu-

68 2204 120 2268 dine
139 2209 255 2274 iniuriae
280 2226 400 2290 proque
429 2226 485 2287 eo,
521 2208 601 2291 quod
632 2228 749 2272 summa
778 2228 827 2273 res
856 2210 978 2292 publica

70 2287 91 2349 in
108 2290 186 2356 tirius
208 2292 348 2375 periculo
372 2298 519 2369 tentatur,
551 2291 617 2354 haeo
649 2311 754 2356 omnes
779 2293 978 2369 uindicarent,
1014 2365 1016 2376 ⁴

70 2375 212 2438 consistere
237 2375 411 2439 mehercule
435 2375 524 2438 vobis
546 2377 606 2438 isto
631 2375 662 2438 in
684 2377 754 2438 loeo
777 2394 839 2439 non
862 2377 978 2439 lieeret.

70 2451 135 2519 luno
151 2461 188 2522 ita
207 2459 392 2536 defenditur,
408 2476 470 2522 non
488 2478 562 2522 sane
576 2466 608 2522 ut
623 2459 750 2523 moleste
767 2459 850 2522 ferre
865 2460 978 2522 adver·
1033 2463 1035 2467 ’

73 2541 127 2601 serii
146 2543 290 2620 debeant,
312 2561 411 2624 neque
432 2550 466 2604 ut
490 2561 524 2605 se
546 2545 679 2625 potentia
702 2543 841 2624 superari
862 2548 976 2625 putent.

74 2619 128 2691 lna
146 2626 223 2689 domi
244 2626 381 2708 gerenda
403 2632 482 2703 sunt,
504 2645 541 2690 ea
557 2644 614 2708 per
631 2625 782 2689 Caeciliam
799 2628 976 2709 transigun-
988 2638 1040 2689 149

75 2707 124 2780 [ιη
143 2707 197 2771 lori
213 2710 379 2792 iudiciique
391 2710 537 2772 rationem
555 2710 696 2786 Messala,
717 2715 749 2772 ut
760 2711 879 2788 videtis,
895 2709 977 2772 iudi-

77 2801 121 2863 oes,
139 2795 267 2876 suscepit
275 2813 284 2869 ;
328 2795 379 2876 qul
405 2794 438 2856 si
455 2793 514 2856 iam
534 2795 607 2856 setis
629 2795 723 2862 aetotis
746 2793 834 2876 atque'
858 2794 980 2856 roboris
1050 2822 1053 2837 ι

78 2865 185 2953 lateret,
205 2879 280 2960 ipse
297 2893 354 2959 pro
377 2875 448 2940 Sex.
471 2876 582 2940 Roscio
604 2876 736 2953 diceret3
780 2877 921 2958 quoniam
942 2875 981 2938 ad

80 2949 208 3022 dicendum
234 2961 446 3043 impedimento
469 2967 516 3024 est
536 2968 608 3023 aetas
642 2968 673 3023 et
697 2960 817 3042 pudor,
847 2962 898 3041 qui
924 2977 980 3021 or-

80 3042 115 3096 nat
132 3047 257 3122 atatem,
293 3061 414 3107 oausam
438 3043 512 3106 mihi
533 3043 671 3122 tradidit,
702 3062 791 3125 quem
810 3062 866 3110 sua
889 3059 990 3114 eausa,
1090 3050 1098 3064 “

82 3132 166 3212 tepere
189 3145 222 3189 ao
243 3127 357 3190 debere
374 3128 582 3210 intelligebam
604 3129 671 3208 ipse
694 3128 879 3204 assiduitate,
901 3143 981 3188 oon·
1072 3159 1075 3165 n

84 3201 149 3294 tilio,
167 3213 358 3290 auctoritate,
382 3212 538 3294 diligentia
560 3210 709 3292 perfecit,
733 3217 765 3274 ut
787 3209 857 3276 Sex.
879 3208 983 3272 Roscii
1116 3207 1129 3234 '

86 3289 140 3364 tlt,
167 3301 263 3376 erepta
289 3294 327 3357 de
357 3295 495 3358 manibus
517 3301 697 3373 sectorum,
720 3295 876 3358 sententiis
898 3292 982 3356 iudi-

88 3381 135 3460 tttn
150 3379 373 3454 permitteretur.
422 3377 586 3455 Nimirum,
609 3378 743 3456 indices,
765 3395 823 3460 pro
845 3377 902 3440 hae
921 3394 984 3438 no-
1028 3415 1038 3446 ,

88 3443 173 3518 tortae
197 3478 264 3541 pars
295 3462 424 3524 maxima
456 3460 584 3525 civitatis
614 3462 646 3524 in
679 3464 771 3526 armis
803 3460 859 3524 luit
866 3480 875 3535 3
919 3459 985 3520 heo

92 3537 137 3596 ttlt
153 3557 195 3604 res
217 3552 280 3623 est,
309 3547 354 3609 uti
373 3547 492 3609 nobiles
515 3547 746 3608 restituerentur
767 3546 799 3608 in
823 3545 985 3620 civitatem,

95 3627 129 3690 llt
152 3620 201 3687 hoo
230 3627 374 3710 lacerent,
416 3630 499 3714 quod
534 3629 638 3694 lacere
673 3629 832 3694 Messalam
866 3626 985 3705 uidetis,

101 3733 287 3764 ''N-h...-

123 3795 130 3826 ¹
147 3804 188 3859 sne
205 3814 281 3865 uncis.
769 3853 783 3894 0
