2468 4318
252 222 288 270 ae
566 185 919 273 cunero-rs

252 387 412 472 quisquam
432 385 585 452 crudelius
612 386 725 452 iactum
750 403 821 454 esse
841 387 952 454 dicut'
983 390 1096 458 Verum
1120 409 1174 476 ego
1232 434 1233 445 ι

251 473 329 550 hoc,
354 471 436 555 duod
456 469 632 553 iampridem
652 471 762 538 facturn
778 491 849 538 esse
867 476 1018 556 oportuit,
1040 483 1125 540 certe
1143 479 1176 540 de
1232 536 1233 553 ,

252 573 344 622 causa
368 555 501 620 nondum
524 555 676 635 adducor,
711 565 744 621 ut
767 556 885 620 faciam.
930 558 1016 622 sum
1050 560 1176 643 denique
1232 558 1233 625 l

251 639 477 716 inmrlciere1,
514 657 605 720 quum
634 640 693 702 iam
715 657 804 706 nemo
827 647 886 703 lam
908 641 1084 724 improbus,
1121 651 1176 706 tam
1232 642 1233 699 i

251 725 406 807 perditus,
450 729 510 784 tam
532 723 575 786 tui
597 724 704 786 similis
737 724 867 790 inveniri
896 729 1025 807 poterit,
1070 728 1176 810 quiid

223 819 314 872 onon
338 808 405 878 iure
426 805 537 870 iactum
558 824 629 870 esse
652 806 789 870 fateatur.
826 807 993 881 ·Quumdiu
1020 813 1176 892 qumanm

252 893 327 968 erit,
368 891 420 972 qui
443 897 473 952 te
497 889 661 954 defendere
685 891 810 969 audeat,
842 893 947 972 vives,
979 894 1063 958 sed²
1095 896 1175 958 vives

251 976 312 1052 ita,
346 979 379 1038 ut
408 974 520 1052 vivis³,
552 974 650 1038 mullis
672 975 748 1040 meis
774 979 804 1038 et
825 973 919 1038 sumis
943 977 1094 1058 praesidiis
1120 997 1175 1060 op-

109 1131 122 1146 *
246 1057 419 1143 .pressus⁴‚
453 1075 493 1120 ne
526 1073 718 1121 commovere
749 1066 781 1123 te
811 1065 916 1122 contra
938 1078 1004 1122 rem
1026 1062 1174 1142 pullicum

147 1141 150 1151 ’
251 1142 363 1226 possis.
406 1140 565 1206 Multorum
592 1146 621 1204 te
649 1143 738 1206 etiam
757 1142 837 1207 oculi
861 1148 891 1204 et
913 1161 1003 1206 aures
1022 1162 1085 1208 non
1105 1164 1176 1208 sen-

133 1233 137 1245 '
251 1227 393 1371 tienterin,
429 1224 506 1289 sicut
524 1224 621 1288 udlruc
639 1225 795 1304 lecerunt,
831 1227 1068 1308 speculabuntur
1089 1235 1176 1310 alque

251 1317 339 1375 custo
361 1308 431 1371 ient
595 1345 598 1358 ·
964 1307 967 1314 ’

181 1389 205 1462 3
342 1391 460 1458 Etenim
485 1389 644 1474 quidest,
679 1387 828 1469 Catilina,
867 1392 949 1475 quod
971 1391 1030 1456 iam
1051 1393 1175 1476 amplius

251 1481 430 1557 exspectes,
461 1475 489 1539 si
518 1491 618 1555 neque
641 1491 705 1536 nox
728 1475 861 1542 tenebris
884 1477 1050 1540 obscurare
1075 1484 1176 1540 coetus

250 1557 386 1624 nefarios
429 1576 487 1624 nec
517 1563 634 1640 privata
669 1557 775 1622 domus
818 1560 985 1642 parietibus
1023 1562 1176 1624 continere

250 1660 344 1707 voces
366 1642 584 1711 coniurationis
605 1647 664 1704 luae
686 1643 812 1724 potest?
856 1644 883 1706 si
914 1643 1119 1722 illustrantur,
1152 1643 1176 1706 si

194 1745 198 1762 ·
250 1734 413 1808 erumpunt
441 1724 567 1788 omnis?
611 1725 692 1789 Mula
721 1725 781 1788 iarn
811 1726 898 1790 istam
924 1733 1074 1806 mentem,
1106 1727 1175 1790 milri

251 1810 354 1887 crede,
379 1809 561 1872 obliviscere
585 1807 676 1872 conis
698 1815 788 1890 atque
805 1809 1030 1874 incendiorum.
1078 1811 1176 1874 'leue-

251 1895 295 1956 ris
323 1892 477 1974 undique;
524 1891 593 1954 luce
615 1896 686 1957 sunt
712 1891 841 1956 clariora
864 1894 952 1957 nobis
976 1901 1028 1957 tua
1048 1894 1175 1969 consilia

222 1976 372 2051 tanniu
415 1993 482 2058 que
503 1974 588 2037 iuml
617 1993 735 2038 mecum
759 1975 829 2038 licet
849 1995 922 2040 reco
946 1994 1065 2040 noscas.
1111 1976 1175 2040 lle-

250 2059 422 2138 ministine,
462 2063 606 2122 meante
634 2058 714 2122 diem
741 2077 796 2122 ιιι
820 1997 969 2123 Kalendas
991 2059 1175 2138 Novembres

250 2143 354 2208 dicere
377 2143 409 2206 in
433 2148 556 2220 senatu,
583 2141 652 2206 lore
674 2145 705 2206 in
726 2145 817 2208 armis
837 2150 923 2206 certo
937 2144 1017 2223 die,
1082 2146 1093 2206 i
1114 2145 1173 2207 dies

248 2225 368 2290 futurus
389 2231 472 2290 esset
494 2231 563 2289 ante
585 2225 664 2289 diem
686 2244 721 2290 vr
745 2227 807 2290 Kal.
828 2227 1046 2306 Novembres.
1076 2226 1172 2292 ‚liul-

250 2309 340 2390 lium,
383 2307 517 2373 audaciae
547 2309 706 2373 satellitem
737 2317 827 2392 atque
857 2311 1063 2375 administrum
1092 2310 1171 2374 tuaei

247 2391 325 2458 Num
347 2407 395 2456 me
416 2391 535 2471 fefellit,
557 2391 703 2472 Catilina,
726 2412 788 2458 non
809 2395 900 2458 modo
921 2411 971 2458 res
995 2400 1097 2474 tunta,
1118 2401 1172 2458 tun

177 2476 180 2492 '
249 2482 348 2556 auor,
370 2483 429 2540 tam
451 2475 648 2551 incredibilis,
672 2495 787 2554 verum,
809 2478 839 2541 id
862 2476 943 2560 quod
964 2479 1057 2543 mrrlto
1080 2479 1172 2560 magis

248 2566 296 2625 esi
318 2560 541 2637 admirandum,
580 2559 671 2624 dies?
713 2561 784 2622 llixi
809 2577 869 2644 ego
893 2560 973 2624 idem
1003 2562 1033 2626 in
1058 2570 1173 2638 senatu,

247 2644 361 2708 cadem
382 2651 412 2708 te
428 2643 638 2727 optimatium⁶
659 2645 824 2708 contulisse
845 2646 876 2707 iu
893 2652 962 2718 ante
979 2645 1058 2708 diem
1076 2665 1098 2706 v
1114 2643 1172 2708 ila-

248 2727 355 2792 lendus
375 2727 572 2804 Novembres,
596 2734 658 2790 lum
680 2746 771 2809 quum
792 2729 878 2792 multi
895 2729 1049 2812 principes
1067 2729 1173 2791 civita-

247 2812 287 2876 tis
315 2810 409 2874 Roma
444 2827 506 2874 non
535 2817 594 2874 tam
625 2811 672 2874 sui
703 2811 904 2875 conservandi
936 2831 1025 2892 quarn
1045 2817 1173 2877 tucrum

248 2895 446 2958 consiliorum
462 2893 722 2976 reprimendorum
741 2913 833 2960 causa
847 2894 1059 2978 profugerunt.
1101 2895 1174 2958 llum

248 2977 369 3046 inlitieri
392 2985 500 3060 potes,
523 2983 552 3040 te
575 2977 628 3040 illo
648 2979 716 3060 ipso
737 2978 797 3057 die,
819 2979 894 3042 meis
916 2979 1089 3060 presidiis,
1110 2997 1174 3042 mea

232 3061 407 3140 diligentia
430 3061 678 3146 circumclusum,
711 3079 904 3125 commorere
926 3069 956 3124 te
980 3067 1085 3126 contra
1112 3081 1173 3126 rem

247 3144 398 3228 publicam
418 3161 480 3208 non
495 3143 642 3228 potuisse,
663 3163 755 3227 quum
771 3153 814 3224 tu,
839 3145 976 3209 discessu
995 3151 1174 3221 ceterorum,

247 3235 352 3292 nostra
372 3234 491 3305 tamon,
524 3229 576 3309 qui
597 3229 866 3307 remansissemus,
899 3228 982 3292 caede
1004 3236 1173 3293 contentum

108 3319 110 3324 '
219 3319 278 3382 ate
301 3330 371 3376 esse
390 3311 540 3375 dicebas?
576 3312 681 3385 Quid?
716 3331 807 3394 quum
830 3317 863 3376 tu
887 3319 917 3375 te
936 3312 1091 3377 Praenesle
1114 3313 1173 3376 Ka-

247 3395 346 3460 lendis
367 3393 685 3478 ipsis'Norembribus
707 3404 922 3478 occupaturum
942 3401 1093 3459 nocturno
1116 3398 1172 3458 im-

246 3485 320 3562 petu
349 3497 427 3546 esse,
456 3477 645 3556 confideres,
690 3481 869 3558 sensistine,
910 3478 992 3542 illam
1023 3479 1171 3542 coloniam

246 3580 314 3626 meo
339 3562 425 3626 iussu
445 3563 520 3625 meis
541 3562 709 3645 praesidiis,
739 3563 887 3638 custodiis
907 3563 1082 3646 vigiliisque
1106 3578 1170 3626 csse

933 3727 937 3736 ι

273 3747 298 3792 ⁴
312 3751 466 3804 interficiam
484 3759 520 3806 te.
555 3748 654 3804 'caet
674 3778 704 3792 -
724 3761 758 3804 et·
795 3749 895 3804 'codd
917 3776 950 3790 -
970 3761 998 3804 ui
1017 3769 1086 3806 nune
1101 3753 1168 3804 viris.

279 3817 295 3892 .⁴
314 3819 447 3872 obsessus.
502 3821 619 3874 sesiam.
673 3818 685 3851 ⁶
702 3821 774 3874 codd.
794 3846 826 3860 -
845 3825 1006 3888 optimatum.
