2490 4316
289 214 365 290 ιιι
522 283 528 295 ,
635 231 872 288 enarro

291 403 448 485 Collegam
463 401 586 485 quidem
600 403 640 468 de
655 403 732 470 celo
752 403 909 470 detraxisti
933 405 1129 490 effecistique,
1147 427 1200 477 non

289 496 321 550 ιιι
344 488 465 568 quidem
487 489 698 568 etiamnunc,
732 495 765 552 ut
787 489 920 552 similis¹
951 493 1013 570 tui,
1044 492 1099 554 sed
1118 501 1199 572 cene,

290 579 324 636 nt
345 571 500 633 dissimilis
521 578 605 634 esset
624 573 681 634 sui.

228 665 280 713 ros
380 655 439 728 Oui
461 672 534 717 vero
557 655 628 718 inde
647 654 761 716 reditus
782 653 932 716 llomam'l
966 673 1032 738 quae
1051 657 1199 737 perturba-

290 738 333 800 tio
355 740 445 800 totius
460 739 569 800 urhis?
591 737 822 800 llemineramus
846 737 970 800 Cinnam
991 740 1079 801 nimis
1100 747 1198 822 polen-

289 829 366 896 tem;
411 821 524 884 Sullam
546 829 653 902 postea
674 820 892 897 dominantem,
921 821 1013 884 modo
1037 829 1198 904 regnantem

289 905 440 968 Caesarem
461 904 641 968 videramus.
683 905 775 967 Erant
790 903 922 966 lortasse
943 905 1050 987 gladii,
1071 905 1124 968 sed
1138 906 1199 966 alis-

287 989 419 1065 conditi,
458 1005 515 1050 neo
546 989 587 1050 ita
620 988 714 1051 multi.
760 987 820 1050 lsta
848 1005 922 1050 vero
951 1006 1019 1070 quae
1050 995 1081 1050 et
1102 997 1199 1072 quanta

287 1072 429 1136 barbaria
451 1070 515 1134 estl
537 1072 669 1152 Agmine
691 1071 837 1153 quadrato
855 1089 922 1132 cum
943 1071 1054 1152 gladiis
1077 1090 1200 1152 sequun-

287 1164 353 1230 tur;
394 1161 548 1218 scutorum
573 1156 695 1218 lecticas
718 1154 832 1235 portari
854 1154 999 1217 videmus.
1045 1157 1142 1236 Atque
1160 1155 1199 1216 liis

287 1240 408 1321 quidem
433 1240 490 1300 iam
512 1240 698 1316 inveteratis,
725 1241 827 1318 patres
849 1237 1023 1320 conscripti,
1049 1244 1198 1302 consuetu-

287 1325 358 1387 dine
379 1322 585 1384 obduruimus.
620 1321 762 1384 Kalendis
783 1321 876 1383 luniis
899 1339 989 1402 quum
1011 1323 1045 1384 in
1069 1328 1199 1396 senatum,
1229 1333 1230 1380 l

288 1415 323 1470 ut
343 1412 408 1468 erat
427 1406 651 1481 constitutum,
668 1405 774 1467 venire
795 1403 960 1481 vellemus,
985 1412 1074 1468 metu
1093 1411 1199 1486 perter—
1229 1409 1230 1454 t

228 1491 338 1554 rooriti
366 1496 493 1571 repente
524 1489 708 1571 diffugimus
762 1487 802 1550 At
827 1488 903 1565 iste,
935 1489 987 1569 qui
1016 1495 1122 1552 senatu
1147 1505 1199 1548 non
1229 1493 1230 1550 l

288 1579 411 1657 egeret,
439 1590 539 1652 neque
559 1571 741 1634 desideravit
769 1588 949 1652 quemquam
972 1577 1001 1633 et
1022 1573 1123 1654 potius
1143 1570 1198 1632 dis·
1229 1579 1230 1622 l

229 1716 232 1724 .
287 1676 378 1720 cesso
413 1662 518 1718 nasim
556 1655 671 1718 letatus
703 1659 750 1715 est
781 1654 941 1736 statimque
975 1654 1027 1718 illa
1066 1654 1199 1718 mirabilia

287 1741 423 1804 lacinora
453 1738 562 1800 ellecit.
618 1737 677 1811 Qui
707 1736 849 1820 chiragra
871 1737 910 1800 ha
940 1733 1072 1800 Caesaris
1102 1735 1198 1799 delen-

288 1825 383 1886 disset
403 1822 480 1892 lucri
502 1822 550 1884 sui
572 1839 675 1899 causa,
697 1821 723 1881 is
745 1820 832 1902 leges
849 1757 977 1883 deseris
995 1828 1110 1902 easque
1129 1837 1199 1902 prae-

287 1906 403 1983 claras,
437 1912 554 1966 utrem
576 1905 727 1985 publicam
748 1909 912 1966 concutere
932 1910 1056 1984 posset,
1090 1903 1197 1976 evertit,

285 1987 800 2069 numerumnunerumprovinciis
826 1989 1019 2068 prorogavit3
1063 1988 1198 2068 idemque,

213 2070 239 2086 ''
285 2093 376 2156 nuum
408 2079 541 2134 actorum
571 2070 700 2134 Caesaris
728 2069 873 2133 defensor
901 2087 971 2132 esse
1000 2070 1145 2148 deberet,
1175 2073 1199 2130 et

285 2159 315 2220 in
340 2156 469 2239 publicis
493 2161 524 2216 et
546 2155 577 2216 in
600 2154 727 2235 privatis
749 2153 842 2216 rebus
865 2159 931 2216 acta
956 2151 1090 2217 Caesaris
1113 2152 1198 2216 resci-

285 2239 335 2302 dit.
382 2240 416 2302 ln
437 2237 566 2320 publicis
588 2237 662 2298 niliil
687 2244 734 2300 est
760 2237 831 2319 lege
853 2236 995 2319 gravius,
1029 2237 1064 2300 in
1089 2236 1198 2320 privatis

284 2322 485 2390 finnissimum
510 2328 556 2386 est
578 2327 793 2384 testamentum.
824 2321 924 2402 Leges
946 2320 1021 2382 alias
1044 2322 1115 2383 sine
1134 2335 1197 2402 pro-

284 2407 471 2490 mulgatione
497 2406 634 2481 sustulit,
664 2405 740 2468 alias
770 2409 813 2464 uu
830 2404 967 2488 tolleret,
999 2403 1198 2486 promulgavit

284 2491 507 2552 Testamentum
528 2489 644 2550 irritum
666 2487 756 2565 lecit,
787 2487 869 2568 quod
890 2487 978 2550 etiam
999 2485 1117 2556 infimis
1133 2485 1198 2549 civi-

282 2574 340 2638 bus
362 2591 483 2654 semper
505 2573 658 2635 obtentum
682 2577 736 2633 est
779 2570 884 2654 Signa,
905 2570 1033 2648 tabulas,
1060 2589 1134 2652 quas
1148 2586 1198 2650 po·

282 2657 355 2738 pulo
373 2656 476 2718 Cesar
495 2674 555 2718 nna
577 2671 643 2717 cum
667 2654 763 2717 hortis
785 2655 915 2737 legavit,
947 2671 999 2716 eas
1029 2653 1081 2716 hic
1103 2653 1196 2737 partim

282 2741 314 2802 in
335 2741 441 2802 hortos
464 2738 599 2820 Pompeii
624 2739 809 2821 deportavit,
829 2737 937 2820 partim
963 2738 994 2800 in
1011 2737 1115 2802 villam
1138 2734 1197 2802 Sci-

171 2841 410 2973 4311⁰p¹⁰lusdt
429 2909 461 2966 tu
485 2904 516 2968 in
542 2901 672 2967 Caesaris
699 2903 844 2968 memoria
869 2865 1024 2987 diligens?
1070 2909 1102 2968 tu
1124 2901 1197 2966 illum

283 3008 366 3053 amas
390 2988 563 3052 mortuum?
609 2987 705 3062 Quem
733 2988 760 3048 is
784 2987 930 3050 honorem
952 2988 1101 3051 maiorem
1129 3002 1196 3046 con-

178 3083 185 3099 ‘
283 3079 406 3137 secutus
430 3079 505 3150 erat,
527 3091 615 3152 quam
639 3077 671 3134 ut
691 3071 815 3132 haberet
836 3069 985 3151 pulvinar,
1004 3071 1194 3138 simulacrum,

282 3156 454 3238 fastigium,
475 3154 650 3218 flaminem?
693 3154 746 3217 Est
766 3171 842 3236 ergo
865 3153 992 3234 flamen,
1016 3160 1049 3216 ut
1072 3152 1150 3226 lovi,
1169 3152 1195 3210 ut

254 3239 380 3317 diarii,
402 3245 436 3300 ut
457 3237 595 3316 Quirino,
618 3239 664 3300 sic
685 3237 755 3304 divo
775 3237 852 3300 lulio
874 3235 912 3298 M.
931 3238 1093 3300 Antonios.
1127 3229 1195 3308 Quid
1229 3233 1230 3316 l

282 3325 375 3405 igitur
396 3321 525 3386 cessas?
569 3339 624 3383 cur
653 3339 715 3383 non
743 3320 952 3404 inaugurare?
997 3337 1081 3392 sume
1106 3319 1194 3388 diem;

284 3407 371 3484 vide,
399 3406 502 3486 quite
524 3405 698 3487 inauguret3
733 3405 859 3486 college
880 3421 999 3480 sumus3
1037 3419 1124 3464 nemo
1142 3415 1195 3460 ne-

281 3490 373 3572 gabit.
402 3489 447 3552 .0
470 3488 676 3551 detestabilem
694 3487 865 3564 hominem,
896 3487 963 3549 sive
985 3485 1069 3568 quod
1084 3479 1196 3566 tyranni

282 3573 427 3636 sacerdos
454 3589 508 3650 es,
540 3572 606 3636 sive
636 3569 717 3654 quod
746 3569 874 3636 mortuil
919 3569 1029 3646 Quaero
1051 3568 1195 3648 deinceps,

281 3701 511 3721 *ιι-μ...-

258 3815 261 3824 .
320 3766 330 3798 ¹
353 3775 381 3820 ut
399 3769 431 3820 sii
449 3769 547 3822 similis.
