2468 4318
337 181 385 238 nv
405 181 435 236 n
458 159 733 236 ea'rrnrnnn.
938 171 1001 235 ‘rr

49 351 234 433 interfecit,
269 349 466 429 Catilinnm¹‚
496 351 601 414 orbem
624 348 816 421 terraecade
837 353 1000 436 atquem.

48 437 174 500 cendiis
202 443 337 500 ‘vastare
367 437 555 518 cupientem,
594 453 651 499 nos
681 436 823 500 consules
855 437 1000 519 perfere-

49 514 150 584 mus?
197 519 283 584 Nam
313 519 364 582 illa
394 520 483 582 nimis
514 519 636 601 antiqua
656 526 840 602 praetereo,·
860 519 942 603 quod
964 521 1000 585 G.

48 603 209 668 Servilius
234 603 336 676 Abala
358 601 409 686 Sp.
426 602 568 678 Medum,
593 605 681 666 novis
704 605 796 667 rebus
819 604 1000 684 studentem,

31 707 142 751 0manu
168 705 233 752 sua
260 686 378 750 occidit.
432 686 518 764 Fuit,
551 685 609 750 luit
631 688 690 750 ista
716 686 865 770 quondam
887 688 918 758 in
941 688 999 751 bac

49 789 85 834 rc
107 771 244 854 publica
267 772 372 848 virtus,
396 775 431 858 nt
449 770 507 832 viri
528 769 624 832 fortes
649 771 819 834 acrioribus
841 772 999 853 suppliciis

49 855 151 918 civem
182 855 400 937 perniciosum
431 872 519 937 quam
548 854 775 916 acerbissimum
798 855 917 918 hostem
940 872 999 918 eo-

52 946 211 1001 ercerent.
264 937 417 1000 Habemus
449 937 743 1024 senatusconsultum
768 938 800 1000 in
829 945 878 1017 ta,
913 939 999 1002 Cati·
1110 985 1113 995 .

51 1020 125 1101 lina,
144 1023 322 1085 vehemens
336 1027 375 1090 ,et
396 1038 490 1104 grave
499 1040 508 1097 ;
535 1037 597 1083 non
613 1020 698 1083 deest
713 1021 759 1082 rei
775 1022 903 1104 publice
920 1040 999 1085 con-

53 1105 158 1168 silium
190 1123 300 1190 neque
328 1105 489 1167 auotoritas
519 1104 609 1167 buius
638 1104 773 1180 ordinis;
815 1121 894 1183 nos,
930 1121 998 1184 nos,

53 1187 123 1250 dico
148 1197 286 1271 aperte,
319 1188 461 1250 consules
484 1186 636 1251 desumus.
684 1188 826 1251 Decrevit
846 1187 1071 1271 quondam42

52 1279 202 1352 senatus,
227 1278 264 1334 ut
285 1271 320 1334 b.
342 1269 479 1352 Opimius
502 1272 609 1333 consul
632 1271 767 1350 videret,
792 1289 831 1334 nc
853 1273 925 1354 quid
946 1291 998 1336 res

54 1355 179 1436 publica
213 1355 389 1418 detrimenti
419 1361 558 1436 caperem
602 1371 665 1416 nox
693 1355 775 1418 nulla
807 1356 998 1434 intercessit;

53 1437 243 1503 interiectus
278 1445 325 1501 est
353 1439 480 1520 propter
510 1436 653 1518 quasdam
681 1438 862 1501 seditionum
892 1440 998 1521 suspi-

56 1518 163 1586 ciones
188 1521 226 1585 C.
255 1521 426 1598 Gracchus,
450 1521 617 1583 clarissimo
631 1527 740 1602 patre,
766 1538 840 1600 avo,
869 1522 1025 1598 maiori-¹

48 1603 131 1682 bus;
181 1607 310 1669 occisus
335 1610 381 1666 est
403 1623 470 1668 cum
492 1604 598 1665 liberis
620 1603 659 1665 ll.
682 1603 823 1683 Fulvius,
853 1605 999 1668 consula-

56 1687 109 1751 ris.
154 1689 261 1754 Simili
282 1687 544 1752 senatusconsulto
575 1684 609 1748 C.
634 1685 730 1750 Mario
745 1695 747 1712 ¹
760 1693 790 1750 et
820 1687 853 1749 L.
874 1686 999 1750 Valerio

59 1774 243 1836 consulibus
279 1779 327 1834 est
346 1770 518 1853 permissa²
547 1788 598 1832 res
625 1771 746 1852 publiea
754 1791 763 1848 3
801 1790 878 1835 num
905 1789 998 1835 unum

59 1853 138 1918 diem
155 1863 272 1939 postea
287 1855 320 1917 L.
333 1855 523 1920 Saturninum
539 1854 690 1916 tribunum
710 1854 809 1936 plebis
826 1862 857 1918 et
873 1853 908 1917 C.
921 1853 998 1919 Ser·
1103 1865 1105 1878 '

61 1938 165 2002 vilium
190 1945 355 2022 praetorem
377 1955 458 2002 mors
481 1954 517 2000 ac
537 1937 584 1998 rei
600 1937 752 2019 publicae³
773 1956 874 2020 poena
890 1955 998 2001 remo·
1086 1981 1087 1984 ,

59 2027 122 2085 rata
147 2024 229 2086 est?
268 2023 308 2086 At
332 2023 433 2087 vero⁴
457 2039 514 2085 nos
535 2022 711 2084 vicesimum
733 2022 793 2084 iam
814 2022 894 2086 diem
914 2022 998 2103 pati-

62 2121 127 2166 mur
156 2107 332 2171 hebescere
358 2107 453 2169 aciem
477 2104 585 2168 horum
610 2105 804 2168 auctoritatis.
836 2105 998 2168 ¹Habemus

63 2187 142 2250 enim
158 2185 337 2254 huiusmodi
356 2189 662 2265 senatusconsultum,
681 2196 886 2252 verumtamen
897 2185 1000 2253 incluss·

64 2286 129 2333 sum
146 2274 179 2336 in
199 2273 323 2350 tabulis,
346 2272 519 2356 tamqnam⁶
540 2273 571 2334 in
588 2273 699 2369 vagina
715 2273 915 2352 reconditum,
938 2290 1000 2355 quo

66 2369 103 2414 ex
136 2357 405 2422 senatusconsulto
442 2354 600 2418 confestim
633 2355 822 2418 interfectum
857 2362 887 2418 te
918 2375 999 2436 esse,

67 2433 206 2520 Catilina,
231 2442 382 2503 convenit.
428 2438 524 2517 Vivis,
549 2446 579 2501 et
599 2439 677 2500 vivis
698 2457 760 2503 non
780 2439 817 2502 ad
838 2439 1000 2522 deponen-

68 2517 143 2599 dam,
167 2525 225 2588 sed
245 2523 282 2586 ad
303 2522 535 2586 confirmandam
557 2521 721 2585 audaciam.
766 2521 873 2604 Cupio,
895 2531 1000 2604 patres

69 2609 253 2691 conscripti,
281 2625 417 2669 measse
439 2605 637 2680 clementem3
681 2607 771 2688 cupio
794 2607 930 2670 intentis
951 2607 999 2669 rei

69 2687 196 2764 publicae
219 2691 366 2773 periculis
388 2707 436 2752 me
458 2708 518 2751 non
535 2688 712 2752 dissolutum
729 2689 842 2764 videri3
866 2689 997 2754 sedium

70 2785 115 2830 me
136 2773 261 2854 ipsum⁶
296 2775 414 2836 inertiae
437 2774 638 2854 nequitiaeque
662 2774 841 2837 condemno.
890 2773 1025 2844 Castras

71 2861 137 2918 sunt
159 2857 191 2919 in
216 2859 300 2920 ltalia
323 2864 427 2919 contra
451 2874 515 2918 rem
536 2857 687 2938 publicam
708 2857 739 2918 in
768 2857 893 2922 Etruriae
924 2858 998 2922 lau-

73 2935 153 3000 cibus
174 2943 333 3018 collocata,
355 2941 465 3002 crescit
489 2941 520 3002 in
544 2939 609 3002 dies
630 2939 769 3022 singulos
790 2940 922 3006 bostium
936 2960 998 3004 nu·
1097 2968 1099 2974 ·

71 3034 180 3102 merus,
203 3043 309 3090 eorum
335 3030 432 3087 autem
455 3025 668 3104 imperatorem
686 3029 852 3088 castrorum
870 3021 999 3089 ducem-'-

75 3117 129 3180 que
151 3106 283 3172 hostium
309 3109 386 3170 intra
411 3107 532 3169 moenia
555 3113 644 3187 atque
666 3105 742 3170 adeo
765 3109 796 3170 in
818 3117 926 3172 senatu
948 3110 999 3172 vi-

74 3181 190 3268 demus,
229 3193 401 3254 intestinam
431 3191 563 3271 aliquam
594 3189 923 3273 quotidieperniciem
951 3192 999 3254 rei

75 3267 198 3408 publice
219 3276 401 3338 molientem.
449 3272 482 3339 Si
507 3278 537 3335 te
562 3273 640 3352 iam,
675 3272 820 3353 Catilina,
854 3293 1000 3357 compre·
1052 3315 1053 3318 =

95 3354 170 3433 endi,
191 3359 219 3420 si
234 3357 361 3420 interfici
378 3359 509 3435 iussero,
533 3356 636 3436 credo,
660 3357 718 3420 erit
730 3359 896 3422 verendum
915 3359 1000 3436 mibi,

77 3444 112 3493 ¹10
130 3453 191 3503 non
213 3441 272 3505 hoc
294 3443 396 3524 potius
418 3459 524 3504 omnes
545 3441 619 3504 boni
646 3443 747 3506 scrius
771 3463 789 3508 a
812 3462 878 3522 me,
911 3460 1001 3525 quam

81 3557 300 3586 Ἧ-ι--ψ

109 3635 120 3668 ¹
140 3641 274 3703 Catilinam
293 3647 389 3716 [verol.
425 3647 440 3680 ¹
461 3648 534 3706 codd.
547 3646 684 3718 (Teporem,
702 3645 852 3718 itteram.)
865 3675 901 3685 -
917 3663 1000 3723 pepm.
1076 3637 1079 3644 λ

110 3721 155 3764 cat
191 3717 275 3784 ⁸[rei
296 3718 432 3790 publical.
476 3719 585 3775 ‘codd
602 3743 639 3758 -
657 3733 707 3780 orm
723 3732 797 3775 vero.
840 3717 1002 3786 ttamquam

112 3775 255 3856 [statiani.
301 3788 400 3858 ‘ipse
844 3820 847 3826 «
