2546 4310
897 247 978 302 XIII

101 398 212 480 initium
232 398 409 472 significante
430 393 628 469 (menelotio)
645 397 876 470 coniunctionem,
898 413 932 457 an
948 399 1030 458 deni-

100 503 156 558 que
176 483 425 556 impeditissimum,
445 499 501 540 non
523 497 641 552 cursum,
666 481 716 558 sed
731 487 822 556 pumen
836 489 938 540 motum
957 493 1029 556 qus-

99 570 265 639 lemcunque
279 567 435 624 orationisr
455 582 537 638 quem
558 594 591 606 -
611 563 821 636 appellavisset,
836 567 948 638 pulpae,
966 582 1030 623 eum
1097 593 1099 597 ·
1125 577 1129 584 '

105 680 141 692 ——·
161 650 299 720 descisset,
317 647 501 722 perturbatus
521 655 573 719 est,
598 655 633 686 ‚s
648 663 714 702 cunr
726 647 848 706 audiret.
889 649 924 706 Et
938 657 1030 708 tamen

103 733 227 791 Orellius
250 733 279 788 iu
300 733 463 805 prelatione
488 732 543 790 hoc
566 732 707 787 inventum
731 732 785 788 sibi
804 733 916 806 placere
937 734 1030 806 signi-

103 817 208 874 licevit.
251 815 332 876 Adeo
355 833 409 874 non
428 817 505 872 firme
527 815 630 874 ueritas
652 813 817 885 intelligitur
839 831 891 871 uec
912 822 1031 874 tenetur.

28 926 35 934 ·
128 908 129 911 ’
193 901 279 967 §12
307 897 666 970 Klounius„sseneckius,
704 897 840 956 soldanus
869 899 1030 956 ediderunt:

81 975 85 994 ’
103 982 219 1054 Quanto
241 982 291 1038 ille
317 977 490 1057 (Pompeius)
514 982 674 1052 superiores
696 981 804 1038 uicerat
822 981 926 1053 pluria,
949 991 1044 1043 tanto.

17 1057 22 1066 ’
102 1075 135 1122 tu
157 1065 277 1134 (Cesar)
301 1063 428 1122 omnibus
442 1065 619 1138 prestitisti,
650 1065 874 1137 quemadmodum
898 1067 1030 1138 scriptum

102 1157 146 1206 est
168 1150 198 1204 in
216 1149 285 1222 Erf,
308 1148 377 1205 Gud.
399 1151 430 1220 2,
452 1149 563 1217 Salisb,
595 1148 655 1203 Per.
678 1147 725 1220 itt,
748 1149 819 1205 aliis.
862 1139 965 1205 Verum
983 1150 1030 1224 qui
1075 1187 1077 1192 ι
1188 1181 1192 1187 «

101 1233 146 1290 sic
168 1233 299 1304 loquitur,
321 1232 356 1303 is,
380 1237 478 1304 quanta
499 1229 617 1288 cesaris
634 1231 725 1300 gloria
742 1231 788 1302 sit,
811 1232 932 1289 ostendit
945 1233 1030 1290 Pom·
1051 1247 1058 1254 ‘

101 1317 161 1390 peii
187 1316 413 1388 comparatione,
457 1314 578 1385 Cicero,
612 1313 737 1370 Deiotari
762 1314 911 1372 excusandi
936 1333 1030 1390 cause,

101 1405 205 1472 quanta
221 1398 345 1472 Pompeii
365 1399 457 1469 gloria
475 1398 568 1468 luerit,
591 1405 805 1470 commemorat,
828 1399 921 1472 itaque
937 1401 1029 1457 omnio

101 1481 227 1540 breviter
245 1481 492 1556 comprehendens,
514 1487 616 1537 tantam
633 1481 671 1536 ait
688 1481 773 1540 luisse
790 1482 913 1555 Pompeii
931 1483 1030 1554 glorie

102 1572 207 1640 preter
229 1572 339 1625 eeteros
363 1565 567 1639 prestantium,
606 1569 706 1636 quauta
735 1581 806 1620 nunc
836 1565 954 1622 Caesaris
984 1567 1031 1624 sil.

101 1649 267 1706 Necessario
284 1649 372 1720 igitur
386 1647 546 1720 superiores
567 1646 689 1702 editores
704 1647 792 1703 secuti
810 1655 888 1704 eraut
906 1648 1031 1723 scriptu·

100 1747 161 1789 ram
181 1731 437 1788 aliorumcodicum
454 1728 537 1804 (Gud.
557 1731 584 1800 l,
600 1719 754 1800 dithmari,
773 1727 868 1803 cella)
893 1733 1027 1789 Tanto-

100 1823 230 1889 puant03
253 1822 334 1888 atque
351 1815 389 1870 ita
406 1815 537 1886 scriptum
551 1813 634 1872 habet
647 1813 760 1870 Seruius
775 1814 809 1870 ad
822 1815 887 1873 AEn.
893 1815 941 1888 xt,
958 1817 1031 1874 438.

204 1901 280 1967 §16
306 1898 396 1954 editur
420 1898 454 1953 ab
478 1897 601 1957 omnibus
627 1896 710 1952 etiam
732 1898 922 1970 superioribus
940 1902 1031 1972 (prae-

102 1985 149 2036 ter
169 1978 242 2052 me):
288 1980 371 2053 Quod
394 1982 482 2052 lpltur
501 1980 615 2050 fucinus
635 1994 688 2035 nec
703 1981 734 2036 in
757 1980 893 2038 nominem
920 1984 1048 2054 empne-1

101 2063 216 2121 dentem
242 2064 345 2121 cudere
371 2071 469 2136 posset
497 2071 616 2136 propter
644 2070 747 2120 metum
771 2067 923 2136 presentis
949 2067 1033 2122 esitii
1132 2087 1134 2092 ·

101 2155 168 2218 eto,
196 2163 259 2204 nec,
269 2146 414 2205 discedunt
435 2147 467 2217 ii,
491 2147 592 2227 quibus¹
611 2147 729 2202 maxime
752 2147 884 2220 creditur,
906 2149 1031 2206 codices.

102 2229 161 2304 Sed
178 2230 246 2288 Gud.
270 2234 308 2302 11,
343 2231 432 2303 unu,
466 2231 515 2286 alii
536 2231 639 2289 hahent
659 2229 792 2303 coderet,
823 2229 943 2304 quodsi
968 2233 1030 2305 quis

101 2330 159 2370 non
189 2313 250 2387 ipse
275 2331 323 2370 sna
352 2320 453 2388 sponte
481 2314 620 2392 intelliget
642 2331 657 2369 a
680 2314 795 2370 librario
815 2313 980 2372 dissolutum
1003 2321 1032 2374 et

101 2397 245 2454 dilatatum
257 2397 463 2472 perspicuitatis
480 2410 563 2452 eausa
580 2413 652 2478 esse,
672 2397 754 2453 velim
771 2397 981 2473 animadvertat,
1002 2399 1048 2456 in-

101 2481 231 2538 oratione
254 2497 306 2554 pro
329 2479 441 2548 Quintio
463 2483 483 2550 s
507 2482 557 2550 68,
579 2469 654 2553 quod
673 2480 773 2538 Cicero
796 2468 946 2554 scripserat
967 2484 1032 2554 qul·

100 2579 166 2620 cum
186 2565 364 2636 experiretur
384 2561 428 2639 (ut
446 2563 516 2620 est
509 2581 538 2620 ιιι
562 2564 624 2621 cod.
648 2564 827 2652 palimpsesto
842 2561 1032 2640 laurinensi),

103 2646 263 2702 aliis-ariis
285 2647 392 2704 lactum·
412 2663 474 2703 esse
497 2647 623 2720 experiri
642 2655 748 2744 posset.

193 2731 274 2798 §21
305 2729 407 2787 Cicero
432 2726 598 2804 scripserat·
641 2731 672 2786 r'n
693 2727 823 2788 cubiculo
844 2704 931 2788 molle
953 2730 1031 2790 dini-

99 2812 156 2883 sti,
189 2819 220 2868 ut
251 2830 286 2870 ex
316 2812 506 2887 superioribus
528 2813 732 2885 intelligeretur
756 2830 883 2887 comere,
915 2833 1030 2890 eamque
1081 2837 1083 2846 ι

100 2896 266 2968 scripturam
303 2902 483 2953 servaverunt
520 2893 590 2958 Gud
618 2899 634 2952 1
669 2904 698 2954 et
731 2897 886 2956 deteriores
924 2899 1029 2972 plures,
1119 2890 1126 2900 ’

99 2978 286 3040 liconiensis
278 2980 475 3052 ,Bernensis,
503 2980 683 3038 Monacenses
705 2971 779 3037 duo.
818 2980 950 3053 librarii,
983 2989 1031 3038 aut

99 3061 178 3136 qnod
210 3080 276 3118 casu
309 3079 345 3120 ex
373 3061 503 3120 codiculo
531 3063 617 3121 malle
644 3064 746 3120 lactum
780 3071 841 3122 erat
871 3065 1030 3124 codiculum

98 3145 197 3218 malle,
220 3144 358 3217 geminate
374 3141 478 3202 littero
487 3163 515 3202 m
535 3143 580 3221 (ut
596 3147 685 3204 estun
703 3143 886 3225 Coloniensi),
909 3156 955 3206 aut
974 3165 1030 3223 po-

98 3229 156 3284 tius
177 3229 253 3302 quod
271 3230 433 3288 infinitivum
455 3230 649 3288 desideratam
672 3247 724 3287 nec
750 3239 778 3287 te
799 3233 929 3290 omissum
952 3225 1030 3289 lere·
1062 3251 1065 3260 ¹

99 3313 177 3382 bant,
201 3312 346 3368 lecerunt·
367 3314 398 3370 in
419 3312 577 3370 cubiculum
598 3321 626 3370 tc
646 3315 690 3372 dre
708 3314 794 3372 malle
815 3315 922 3387 dixisti,
946 3316 1030 3388 idque

100 3395 226 3453 editores
254 3401 402 3452 tenuerunt
433 3404 461 3453 et
491 3397 650 3470 superiores
687 3404 715 3454 et
749 3400 937 3470 recentiores,
974 3398 1030 3454 nisi

99 3477 178 3553 quud
199 3477 321 3536 Opellius
342 3476 385 3536 me
407 3486 516 3536 secutus
540 3485 591 3538 est.
637 3481 694 3538 Sed
719 3482 747 3539 in
773 3483 870 3550 eadem
891 3497 1031 3556 peragra-

99 3563 157 3636 pho
180 3562 260 3634 plura
283 3562 428 3620 commisse
448 3570 520 3622 sunt.
559 3563 627 3620 Nam
647 3566 764 3640 primum
784 3565 909 3622 Klotzius
931 3571 958 3620 et
974 3565 1030 3620 Be-

99 3645 218 3702 neclsius
240 3645 401 3704 ediderunt:
446 3647 521 3720 Quod
542 3646 625 3718 tum?
667 3650 715 3706 lto
743 3649 794 3706 itte
823 3647 935 3706 demens
957 3657 1031 3720 erut,

98 3734 133 3784 ut
156 3743 236 3800 eum,
271 3744 354 3806 quem
378 3732 453 3788 tenti
479 3731 595 3788 sceleris
618 3733 760 3789 conscium
782 3729 922 3805 debedat,
957 3749 977 3787 a
1000 3748 1031 3788 se

100 3809 286 3887 dimitteret„
305 3814 395 3872 secuti
426 3814 454 3872 in
486 3815 639 3874 indicativo
669 3811 792 3875 ludebat
821 3807 938 3875 'codices
961 3813 1031 3885 Eri,
