2468 4318
189 171 192 178 “
267 194 318 246 rar
609 187 841 243 onnrro

270 361 445 427 terendum:
489 358 635 424 trahimur
656 355 760 424 omnes
773 355 881 424 'dudio
902 360 1019 425 laudis¹
1051 366 1080 421 et
1102 359 1168 440 opti-

248 464 338 510 'mus
360 447 488 528 quisque
508 445 637 506 manime
665 444 764 526 gloria
794 445 920 508 ducitur.
968 445 1028 525 lpsi
1050 443 1094 504 illi
1112 442 1169 524 pbi-

271 530 393 614 losopbi
414 529 503 592 etiam
524 528 555 590 in
574 527 638 590 ἰίεΞ
660 528 782 605 libellis,
813 544 890 609 quos
912 529 951 591 dc
974 525 1169 590 contemnenda

270 615 371 698 gloria
393 611 539 687 scribunt,
559 627 669 672 nomen
689 629 775 673 suum
797 611 981 686 inscribunt;
1002 612 1034 672 in
1056 611 1171 690 scipso,

270 701 303 761 iu
320 714 379 779 quo
395 695 635 776 praedicationem
652 694 897 776 nobilitatemque
913 695 1092 776 despiciunt,
1106 707 1171 774 pre-

227 781 367 845 urdicari
389 778 428 841 de
452 795 486 840 se
511 796 547 840 ac
568 778 716 839 nominari
739 778 852 840 volunt
901 777 1044 840 Decimus
1072 775 1171 857 quiden

272 865 391 940 Brutus,
412 880 544 927 summus
567 862 638 923 vir³
661 867 691 922 et
709 861 881 943 imperator,
903 860 999 939 Accii,
1022 857 1172 922 amicissimi

272 948 331 1024 sui,
352 945 536 1008 carminibus
555 945 734 1026 templorum
758 963 793 1006 ac
813 953 1075 1008 monumentorum
1097 942 1173 1004 aditus

275 1029 432 1094 exornavit
453 1046 584 1092 suorum.
631 1028 692 1090 lam
712 1045 785 1089 vcro
808 1028 878 1106 ille,
914 1029 1058 1109 quicum
1075 1025 1173 1097 AEtolis,

274 1114 372 1180 Ennio
394 1113 513 1189 comite,
535 1111 667 1188 bellavit,
690 1111 820 1189 Fulvius,
845 1129 907 1174 non
928 1111 1073 1174 dubitavit
1092 1106 1173 1172 llartis

275 1197 431 1262 manubias
455 1195 548 1260 Musis
569 1211 758 1258 consecrare.
813 1194 932 1273 Quare,
964 1196 996 1257 in
1031 1211 1089 1276 qua
1117 1191 1174 1254 urbe

277 1283 475 1362 imperatores
497 1295 596 1359 prope
618 1279 722 1340 minati
745 1285 901 1360 poetarum
924 1295 1037 1340 nomen
1069 1283 1098 1339 ct
1123 1273 1174 1338 ldu-

275 1381 378 1429 sarum
399 1362 524 1425 delubra
544 1361 716 1438 coluerunt,
752 1363 784 1424 in
813 1379 850 1426 ea
880 1379 942 1424 non
972 1360 1084 1423 debent
1102 1355 1175 1440 togati

279 1447 394 1595 fflices
423 1464 440 1508 a
469 1445 621 1508 llusarum
652 1444 769 1506 honore
803 1451 833 1506 et
865 1462 882 1506 a
911 1451 1069 1527 poetarum
1101 1441 1176 1505 salute
1220 1489 1221 1492 ,

339 1547 454 1592 orrere.
1101 1565 1104 1578 «

233 1627 269 1675 aa
368 1613 467 1695 Atque
488 1619 522 1675 ut
542 1611 572 1674 id
593 1610 735 1673 libentius
758 1609 894 1688 faciatis,
930 1611 989 1673 iam
1022 1628 1071 1674 me
1099 1605 1177 1678 vobis,

279 1695 413 1774 iudices,
445 1695 583 1758 indicabo
607 1701 638 1756 et
659 1679 697 1756 de
718 1712 786 1756 meo
808 1693 937 1776 quodam
957 1711 1063 1756 amore
1084 1689 1177 1775 glorie,

280 1780 370 1842 nimis
390 1779 454 1841 acri
475 1778 616 1854 sortasse,
637 1784 839 1841 verumtamen
856 1777 996 1854 bonesto,
1018 1777 1104 1840 vobis
1119 1789 1178 1835 con-

280 1862 399 1926 litcbor.
451 1861 543 1940 Nam,
576 1879 651 1942 quas
679 1879 729 1923 res
759 1878 816 1923 nos
847 1861 878 1922 in
907 1860 1067 1923 consulatu
1096 1860 1178 1920 codro

199 1975 203 1982 ·
239 1935 247 1958 ⁸
282 1946 439 2009 vobiscum
459 1945 548 2007 simul
569 1962 626 2026 pro
650 1945 747 2006 salute
768 1943 894 2007 huiusce
917 1944 1062 2026 imperii⁴
1094 1946 1122 2004 et
1137 1951 1178 2020 pro

236 2049 240 2054 ·
283 2031 344 2092 vita
373 2029 485 2091 civium
511 2045 627 2109 proque
655 2029 796 2101 uniuersa
825 2046 860 2089 re
888 2027 1010 2108 publica
1041 2025 1179 2111 gessimus,

283 2113 382 2194 attigit
402 2111 452 2172 lrio
472 2111 610 2173 versibus
633 2115 721 2192 atque
743 2109 911 2184 inchoavit3
950 2110 1061 2192 quibus
1082 2104 1179 2174 auditis,
1221 2128 1222 2171 t

283 2194 365 2278 quod
384 2193 456 2256 mibi
478 2213 587 2277 magna
610 2213 661 2256 res
685 2199 715 2256 et
734 2194 863 2256 iucunda
884 2194 948 2256 visa
970 2201 1035 2273 est,
1068 2193 1140 2256 hunc
1154 2183 1181 2247 ad
1221 2194 1222 2199 ’

284 2277 500 2362 perficiendum
523 2277 721 2340 adhortatus⁶
749 2295 824 2339 sum.
868 2276 985 2340 Nullam
1006 2277 1087 2339 enirn
1106 2273 1180 2335 uirtus

286 2362 375 2425 aliam
404 2361 573 2446 mercedem
598 2361 734 2424 laborum
757 2361 1021 2442 periculorumque
1055 2354 1182 2423 desident

185 2490 189 2504 s
284 2451 395 2528 praeter
415 2445 492 2511 bano
514 2444 611 2508 laudis
633 2451 663 2507 et
683 2445 807 2527 glorie;
839 2462 897 2524 qua
920 2442 1040 2526 quidem
1063 2441 1182 2508 detracta,

284 2528 412 2610 iudices,
434 2526 582 2610 quidest,
607 2528 687 2609 qnod
709 2528 739 2588 in
760 2527 818 2589 boc
841 2534 899 2589 tam
921 2527 1033 2608 exiguo
1047 2528 1112 2588 uite
1127 2533 1182 2582 our-

160 2685 162 2689 ,
285 2610 383 2674 riculo
406 2617 435 2673 ct
458 2618 517 2673 tam
535 2611 622 2674 brevi
643 2612 733 2672 tantis
752 2627 809 2673 nos
828 2611 860 2673 in
881 2610 1034 2672 laboribus
1056 2604 1183 2671 exercet·

64 2771 68 2778 ἱ
181 2763 188 2772 μ
241 2693 380 2758 eamus?
404 2693 502 2771 Certe,
524 2695 550 2756 si
567 2693 642 2755 nibil
658 2695 774 2756 animus
790 2694 976 2774 praesentiret
997 2694 1028 2754 in
1051 2696 1183 2775 posterum
1220 2723 1221 2736 ÷

195 2832 198 2836 .
288 2784 320 2841 ct
341 2777 378 2854 si,
401 2777 510 2859 quibus
533 2777 708 2860 regionibus
722 2779 787 2839 vite
804 2779 930 2858 spatium
948 2773 1183 2852 circumscriptus

226 2921 236 2926 ,
289 2867 346 2937 est,
368 2860 481 2924 eisdem
500 2877 610 2922 omnes
632 2861 830 2942 cogitationes
850 2859 1023 2922 terminaret
1045 2875 1122 2933 suas,
1142 2864 1184 2912 nec
1220 2919 1221 2924 ἵ

247 2993 267 3012 ,,
289 2944 377 3006 tantis
401 2961 437 3005 se
458 2942 611 3006 laboribus
634 2943 787 3025 frangeret
810 2962 909 3024 neque
935 2949 978 3006 tot
1011 2943 1091 3005 curis
1120 2933 1183 3013 vigi·
1220 2941 1221 3014 j

290 3027 400 3107 liisque
421 3027 582 3108 angeretur
605 3045 664 3089 neo
685 3029 774 3088 toties
796 3027 834 3089 de
853 3029 917 3109 ipsa
937 3027 1023 3089 vita⁶
1043 3020 1184 3086 dimicaret

225 3144 227 3158 ι
290 3108 376 3172 Nunc
398 3109 663 3190 insidet-quedam
685 3110 715 3170 in
740 3111 852 3190 optimo
875 3127 994 3192 quoque
1012 3109 1114 3183 virtus,
1136 3111 1184 3180 uili

291 3199 395 3257 noctes
424 3211 460 3254 ac
490 3191 579 3256 dies⁷
615 3193 743 3255 animum
777 3193 884 3274 gloriae
917 3192 1042 3256 stimulis
1079 3183 1185 3251 conciat
1221 3218 1222 3229 r

292 3284 382 3358 atque
402 3276 561 3359 admonet,
589 3293 651 3339 non
674 3295 741 3338 cum
763 3277 831 3340 vite
854 3283 990 3360 temporo
1015 3291 1083 3338 esse
1103 3266 1184 3334 dlnrit·
1220 3299 1221 3310 κ

330 3445 340 3476 ¹
361 3444 393 3498 b.
406 3445 438 3496 ll.
456 3442 493 3496 al.
508 3443 561 3496 cod.
580 3443 636 3498 edd.
651 3455 710 3497 cett.
728 3468 762 3520 τ
779 3443 863 3496 laudis
873 3445 968 3497 studio.
1005 3448 1019 3480 ¹
1038 3429 1184 3497 cantauit

327 3523 353 3566 ιι
373 3513 503 3566 mama
519 3523 578 3566 aaa
597 3514 635 3578 (m
654 3515 714 3580 run,
733 3517 758 3566 m
776 3513 838 3576 aa.)
854 3539 891 3550 -
908 3517 985 3567 euram
1003 3516 1061 3568 rim.
1098 3499 1184 3558 'Ed

328 3584 363 3636 at.
382 3583 455 3637 codd.
473 3584 512 3636 ed.
529 3593 577 3636 cet.
594 3610 628 3621 -
647 3602 762 3637 summus
779 3583 824 3635 illc
844 3585 891 3634 vir.
946 3584 959 3616 ⁴
979 3585 1049 3638 codd.
1069 3583 1122 3640 duo,
1143 3569 1184 3625 ΒΜ·

330 3661 397 3716 ecit,
415 3655 500 3720 certic.
510 3655 581 3706 codd
593 3671 656 3706 mnu.
668 3679 697 3692 -
710 3654 785 3705 huius
796 3653 866 3704 urbis
878 3661 956 3720 atque
966 3657 1075 3724 imperii.
1109 3648 1120 3680 ³
1136 3645 1183 3696 ¹1⁰¹·

330 3731 404 3773 tatus.
442 3723 565 3843 ilidii„
579 3721 630 3789 cl,
648 3725 704 3777 cdd.
723 3733 780 3776 ortt.
799 3747 834 3760 -
853 3725 903 3775 vita
921 3725 985 3790 ipsa.
1032 3717 1128 3775 'codd
1143 3708 1183 3764 ‘dl

329 3800 386 3841 cett.
407 3815 439 3828 -
458 3802 483 3844 ct
520 3795 565 3846 ios.
618 3797 622 3804 '
