2490 4316
279 235 333 286 ans
474 201 495 242 '·
626 231 862 318 enarro
971 207 974 226 '

734 333 743 362 ι

279 405 310 466 in
332 403 459 468 victoria
482 405 625 469 ceciderit
645 423 734 470 nemo
764 406 824 468 nisi
852 411 992 470 armatus.
1048 408 1087 470 Et
1117 429 1200 492 quen

280 502 337 552 nos
358 488 466 566 liberi,
504 491 536 552 in
559 507 673 552 summa
697 486 801 572 populi
824 489 950 553 Romani
973 490 1113 554 libertate
1134 495 1200 570 nati,

279 587 342 636 non
363 571 454 634 modo
475 588 536 634 non
558 578 726 654 tyrannum,
749 572 804 636 sed
827 575 916 636 etiam
940 574 1200 640 clementissimum

277 655 310 717 in
333 656 458 716 victoria
479 653 626 732 ducimus,
648 657 675 719 is
696 657 857 734 Blesamio,
881 657 933 738 qui
954 659 1027 720 vivit
1048 659 1081 720 in
1098 677 1200 742 regno,

277 745 422 819 tyrannus
445 738 541 802 videri
561 740 683 822 potest?
704 740 779 822 Nam
799 740 838 803 dc
855 746 950 804 statana
969 737 1037 822 quis
1059 747 1200 822 queritur,

276 839 337 884 una
359 823 536 901 presertim,
559 841 650 906 quum
671 829 731 886 tam
748 823 856 886 multas
872 824 996 886 videat?
1017 824 1113 888 Valde
1127 828 1199 888 enim

276 903 468 968 invidendum
485 911 532 967 est
548 909 616 969 eius
632 908 746 985 statuis,
766 909 852 970 cuius
866 907 987 990 tropaeis
1004 925 1069 970 non
1085 910 1200 972 invide-

275 1005 351 1050 mus.
398 987 473 1051 Nam
494 990 521 1052 si
542 990 628 1053 locus
651 988 740 1053 affert
760 989 911 1068 invidiam,
932 991 1034 1054 nuilus
1056 994 1146 1071 est¹,
1168 993 1200 1056 ad

274 1077 402 1148 statuam
423 1072 562 1154 quidem,
602 1075 709 1137 rostris
734 1074 854 1137 clarior.
907 1073 953 1136 De
974 1074 1086 1156 plausu
1107 1083 1200 1138 autem

276 1155 348 1237 quid
379 1157 606 1238 respondeam?
646 1159 697 1238 qni
728 1175 786 1220 nec
813 1156 1000 1226 desideratus
1024 1177 1199 1240 umquama

275 1245 307 1302 te
325 1243 372 1302 cst
392 1246 422 1301 et
441 1257 675 1321 nonnumquam,
697 1239 913 1322 obstupefactis
933 1241 1116 1320 bominibus,
1139 1245 1200 1324 ipsa

277 1322 474 1386 admiratione
497 1341 692 1405 compressus
714 1331 761 1386 est
788 1331 820 1386 et
847 1324 978 1388 fortasse
1004 1341 1045 1386 eo
1073 1332 1199 1407 praetm-

277 1405 398 1480 missus,
420 1407 490 1487 quia
509 1405 584 1470 nihil
603 1407 729 1490 vulgare
749 1415 779 1469 te
800 1407 924 1490 dignum
945 1407 1044 1471 videri
1064 1415 1174 1489 potest

124 1559 128 1568 ,
165 1473 213 1546 13
230 1499 266 1550 at
367 1487 447 1552 Nihil
471 1509 489 1552 a
509 1509 558 1554 me
577 1491 708 1554 arbitror
731 1492 984 1572 pretermissum,
1010 1491 1066 1555 sed
1090 1492 1199 1573 aliquid

275 1572 314 1636 ad
335 1578 498 1636 extremam
519 1577 753 1656 causae'partem
782 1581 977 1638 reservatum.
1040 1575 1075 1636 ld
1105 1583 1199 1638 auten

275 1656 389 1738 aliquid
415 1663 479 1736 est,
515 1663 546 1719 te
573 1663 607 1719 ut
630 1658 721 1739 plane
741 1656 884 1722 Deiotaro
904 1658 1084 1721 reconciliet
1105 1660 1199 1722 oratio

274 1757 351 1805 mea.
395 1740 463 1804 Non
485 1741 565 1804 enim
586 1741 645 1802 iam
669 1747 788 1819 metuo,
818 1759 858 1804 ne
881 1747 913 1804 tu
934 1740 978 1804 illi
1002 1759 1198 1816 succenseam

274 1822 349 1888 illud
371 1838 492 1901 vercor,
514 1842 554 1886 ne
575 1824 629 1886 tibi
652 1824 735 1887 illum
757 1842 939 1889 succensere
963 1825 1078 1905 aliquid
1098 1827 1198 1907 suspi-

273 1924 365 1983 cere;
402 1907 485 1989 quod
506 1908 591 1971 abest
613 1908 808 1990 longissime,
844 1907 916 1970 mihi
946 1908 1056 1984 erede,
1091 1907 1197 1972 Cesar.

274 1989 355 2066 Quid
377 1991 456 2054 enim
482 1992 609 2054 retineat
630 2009 687 2072 per
704 1998 744 2069 te,
776 1992 919 2068 meminit,
942 2008 1004 2054 non
1027 1992 1102 2072 quid
1123 1993 1197 2054 arni-

272 2076 359 2147 serit,
381 2091 481 2154 neque
505 2091 540 2136 se
561 2093 580 2137 a
601 2079 630 2135 te
654 2074 806 2138 multatum
828 2075 996 2152 arbitratur,
1020 2075 1087 2147 sed,
1111 2094 1197 2158 quun

273 2157 510 2235 existimares¹,
541 2157 641 2220 multis
660 2158 714 2220 tibi
734 2159 825 2223 multa
846 2176 917 2222 csse
937 2158 1113 2237 tribuenda,
1141 2175 1197 2240 qno

273 2241 372 2304 minus
393 2257 410 2302 a
433 2258 480 2318 se,
503 2242 606 2322 quiin
631 2240 724 2304 altera
744 2248 830 2323 parte
852 2241 971 2320 fuisset,
992 2259 1029 2304 ea
1052 2259 1196 2318 sumeres,

227 2341 336 2398 arnon
365 2325 526 2388 recusavit.
583 2325 700 2388 Etenim
732 2326 759 2388 si
790 2324 957 2388 Antiochus
977 2323 1106 2407 Magnus
1138 2326 1194 2402 itte,
1242 2351 1243 2356 .

272 2425 329 2471 rex
348 2408 440 2484 Asiae,
485 2425 565 2482 num,
598 2413 795 2490 posteaquam
814 2427 833 2471 a
853 2407 887 2470 L.
908 2406 1078 2490 Scipione⁸
1111 2408 1194 2472 devi-

273 2498 342 2556 ctus
362 2499 410 2556 est
418 2492 448 2571 ⁴,
464 2428 570 2554 &auro
591 2498 680 2556 tenus
699 2509 830 2573 regnare
845 2492 947 2558 iussus
961 2497 1044 2554 esset
1060 2501 1193 2556 omnem-

272 2594 333 2658 que
356 2578 434 2640 banc
457 2575 579 2653 Asiam,
617 2591 683 2656 quae
711 2581 758 2638 est
788 2593 869 2638 nunc
897 2582 1002 2638 nostra
1031 2576 1192 2657 provincia,

273 2660 440 2735 amisisset,
469 2659 571 2730 dicere
595 2665 643 2720 est
663 2657 789 2736 solitus,
812 2658 944 2741 benigne
962 2657 1021 2722 sibi
1043 2676 1062 2720 a
1084 2659 1191 2740 populo

270 2742 406 2808 Romano
430 2741 540 2804 tactum
560 2743 671 2819 esse⁶,
700 2740 782 2822 quod
804 2743 893 2804 nimis
917 2759 1026 2824 magua
1046 2760 1193 2823 procura·

71 2849 77 2858 ·
174 2857 177 2868 ·
271 2828 356 2891 tione
377 2824 664 2889 liberatnsmodicis
680 2827 768 2907 regni
783 2825 917 2888 terminis
934 2830 1080 2902 uteretur,
1101 2831 1193 2908 potest
1240 2877 1241 2886 ,

270 2909 363 2972 multo
396 2908 515 2973 facilius
546 2925 581 2972 se
610 2907 770 2971 Deiotarus
802 2908 964 2972 consolari.
1033 2908 1089 2970 llle
1119 2910 1191 2970 enim

151 3061 158 3070 ⁸
269 2993 383 3054 furoris
407 2993 528 3055 multam
549 2992 758 3069 sustulerat⁶,
790 2991 840 3054 hic
869 2992 995 3056 erroris.
1037 2990 1145 3055 Omnia
1165 2999 1191 3054 tu

270 3075 425 3154 Deiotaro,
447 3075 560 3152 Caesnr,
581 3075 722 3152 tribuisti,
737 3077 828 3156 quum
844 3080 874 3138 et
888 3076 947 3157 ipsi
962 3081 992 3137 et
1008 3074 1069 3137 filio
1087 3093 1191 3138 nomen
1239 3123 1240 3128 ,

269 3159 388 3242 regium
407 3159 594 3222 concessisti.
644 3157 709 3221 Hoc
732 3163 853 3223 nomine
875 3163 995 3238 retento
1018 3164 1108 3238 atque
1127 3177 1191 3221 scr-

271 3243 372 3321 vemt,
394 3241 506 3306 nullum
526 3241 704 3306 beneficium
724 3242 830 3324 populi
852 3241 988 3316 Romani,
1012 3241 1128 3304 nullum
1146 3244 1191 3304 iu-

270 3326 380 3390 dicium
397 3327 434 3389 de
449 3345 483 3390 se
500 3332 622 3390 senatus
641 3327 825 3389 imminutum
838 3331 931 3407 putat.
966 3323 1076 3407 Magno
1097 3327 1190 3388 animo
1238 3367 1239 3433 ἢ

270 3418 301 3473 et
323 3416 425 3474 erecto
449 3416 513 3490 est,
544 3427 602 3472 nec
626 3427 765 3490 umquam
785 3409 961 3474 succumbet
980 3410 1127 3488 inimicis,
1156 3427 1189 3470 ne

269 3545 499 3560 m

307 3624 480 3676 1Ιιιοιιιοιι.
536 3623 642 3675 'codd
662 3619 714 3688 (Ε)
735 3649 766 3659 -
782 3584 948 3674 ¹existimaret.
1002 3621 1108 3673 'codd
1127 3639 1187 3672 -ι

304 3693 435 3758 Scipione.
489 3693 589 3745 ⁴com'.
618 3693 743 3746 Lambini.
769 3717 804 3730 -
828 3709 874 3743 orn.
894 3701 940 3743 est.
994 3691 1061 3746 ‘tt
1078 3717 1114 3731 ··
1133 3707 1186 3744 esee

303 3761 361 3814 iact
419 3761 430 3792 ⁸
454 3761 504 3816 cot.
524 3790 550 3803 -
570 3765 735 3817 sustinuerat.
793 3761 988 3819 'conservato
