2546 4310
865 209 935 268 ’ΧΗ

60 361 204 426 orationis
220 365 317 425 locum
337 363 511 438 apertissime
534 362 685 438 significari
708 379 724 444 a
745 362 921 425 Plinio'llia.
943 383 988 441 ep.

57 449 115 521 lv,
140 451 188 508 12.
235 449 329 521 Neque
361 446 401 503 ad.
425 441 508 510 hau'c'¹
524 448 698 506 sortitionem
726 448 874 506 tollendam
904 449 988 522 quid-

57 547 148 608 quam
170 532 332 601 Abrensius,
356 531 430 604 quod
451 521 571 587 umbram
594 530 746 601 argumenti
766 531 891 604 baberet,
912 539 989 588 attn·

57 620 109 674 lit.
159 616 216 672 Sed
240 630 333 686 opero
354 614 471 687 pretium
493 621 536 671 est
565 614 680 685 videre,
713 631 794 687 quam
824 614 988 671 inconside-

57 707 127 757 rata
154 699 214 755 baec
246 699 391 767 fingantur.
445 697 512 753 Nam
542 697 675 754 eiusmodi
697 699 869 754 sortitionem
891 699 988 754 nescio

57 799 123 856 quo
151 781 259 838 somnio
283 780 446 850 excogitare
474 782 533 836 sine
557 780 612 836 ulla
637 797 719 836 causa
749 787 778 836 et
805 780 841 837 ad
863 782 988 836 aerarium

56 867 127 924 lieri
146 865 257 920 solitam
280 878 409 933 narrare,
437 863 588 919 lectoribus
607 864 756 936 patienter
778 863 988 937 accipientibus,

59 955 144 1004 certe
162 948 186 1002 is
211 947 319 1001 demum
342 951 454 1017 posset,
481 947 635 1019 quilongo
652 952 776 1020 ternpore
797 953 862 1021 post
881 947 989 1002 sublata

57 1037 163 1088 vetera
187 1029 338 1085 scribarum
362 1028 485 1106 instituta
505 1030 622 1086 viveret.
667 1028 703 1084 Et
722 1035 812 1085 tamen
832 1031 902 1084 banc
920 1027 989 1085 ora-

57 1116 171 1170 tionem
196 1111 266 1167 alter
290 1111 449 1185 criticorum
471 1112 504 1168 ab
520 1110 671 1182 Augustea
693 1113 781 1170 etatis
802 1109 988 1168 declamatore

59 1197 197 1268 scriptam
216 1210 277 1250 esse
294 1195 362 1266 vult,
384 1194 439 1250 boc
455 1202 497 1250 est
508 1195 543 1250 ab
554 1210 598 1266 eo,
622 1194 666 1250 cui
680 1201 739 1250 tota
756 1196 835 1251 buius
845 1195 886 1250 rei
902 1195 989 1251 lorma

58 1278 193 1352 quotidie
214 1276 249 1333 ob
267 1277 363 1333 oculos
379 1284 461 1348 asset,
481 1279 550 1334 alter
567 1278 649 1334 etiam
673 1293 689 1333 a
706 1278 815 1348 Tirone,
836 1277 990 1333 consularis

58 1362 186 1418 bominis
212 1360 242 1416 iu
270 1359 356 1415 libera
382 1361 524 1432 republica
546 1360 698 1417 studiorum
720 1366 748 1416 et
769 1360 909 1416 scribendi
935 1360 992 1416 mi-

58 1447 164 1502 nistro.
210 1442 276 1498 Nam
299 1442 427 1515 quidam,
459 1460 539 1516 quum
561 1443 756 1500 declamatoris
778 1460 922 1517 personam
944 1444 991 1499 in-

58 1529 179 1598 ducunt,
211 1541 270 1582 eam
296 1542 331 1581 ax
353 1525 528 1581 Ciceroniani
553 1527 684 1598 temporis
710 1526 793 1582 docto
813 1527 992 1581 bominaat-

59 1627 120 1684 que
154 1609 371 1665 scito-rhetore
401 1615 429 1663 et
458 1624 494 1664 ex
515 1608 603 1665 aetatis
625 1608 716 1664 multis
740 1609 841 1688 seculis
863 1608 991 1664 diiunctae

58 1695 171 1750 insulso
194 1698 330 1762 nugatore
346 1690 479 1760 miscent,
510 1707 576 1746 sane
599 1691 634 1746 ad
657 1691 768 1764 quasvis
790 1697 882 1763 partes
905 1689 992 1745 susti-

60 1777 171 1834 nendas
190 1773 349 1845 fabulasque
365 1774 539 1846 peragendus
559 1779 658 1847 aptam.
694 1773 749 1829 Sed
764 1772 866 1829 addunt
879 1773 992 1830 Abren-
1060 1789 1063 1794 ¹
1136 1789 1139 1794 ·

59 1861 123 1917 sius
146 1865 175 1913 et
199 1857 344 1928 Orellius,
363 1857 474 1913 omniuo
497 1857 556 1912 lieri
575 1872 630 1912 non
651 1856 793 1928 potuisse,
824 1863 854 1912 ut
877 1858 926 1913 illo
946 1855 991 1911 die
1016 1865 1018 1868 ·

61 1943 165 2000 scribe
189 1939 225 1996 ad
246 1939 371 1996 aerarium
393 1941 591 2008 conuenirent,
626 1955 707 2011 quum
736 1941 858 2010 scireut,
895 1953 992 1995 omnes

60 2025 244 2097 magistratus
274 2023 302 2086 in
331 2028 427 2077 senatu
455 2035 526 2079 esse.
572 2020 664 2078 Facile
695 2027 787 2078 tamen
817 2020 992 2092 intelligitur,

61 2121 160 2182 quum‘
172 2112 293 2175 senatus,
310 2111 340 2160 ut
359 2105 409 2161 illo
436 2110 571 2177 tompore,
592 2105 683 2161 subito
706 2111 919 2175 convocaretur,
938 2113 1003 2160 non

62 2207 162 2248 omnes
189 2189 294 2245 scribas
325 2187 460 2243 certiores
491 2189 581 2244 laotos
604 2204 676 2245 esse.
718 2189 812 2260 ltaque
837 2189 878 2245 illi
904 2187 993 2243 nihilo

62 2275 176 2342 minus,
210 2287 292 2343 quum
320 2277 404 2325 status
426 2270 450 2326 is
471 2271 530 2327 dies
549 2271 689 2327 sortitioni
711 2277 786 2332 essct
809 2269 917 2344 (paullo
940 2287 1007 2325 aaa
1087 2323 1091 2342 ,

62 2364 177 2430 tequam
199 2353 266 2432 novi
292 2355 468 2425 magistratus
500 2347 632 2430 inirent),
670 2353 706 2410 ad
734 2354 860 2411 aerariuna
885 2369 993 2409 conve·
1054 2370 1065 2376 ·

63 2445 252 2593 nelwlleque
274 2536 344 2593 opus
367 2536 429 2576 esse
451 2519 508 2576 ullo
530 2519 614 2576 modo
635 2525 712 2592 puto,
736 2504 825 2590 neque
846 2517 893 2573 bic
913 2519 993 2574 locus

64 2605 133 2675 lert,
155 2619 244 2676 neque
262 2603 432 2660 mehercules
450 2604 483 2681 ab
504 2604 595 2659 animo
617 2619 679 2659 meo
702 2603 850 2673 impetrare
872 2618 994 2675 possum,

64 2694 94 2744 ut
129 2687 225 2760 plures
259 2686 414 2744 huiusmodi
446 2686 677 2760 reprehensiones
694 2683 865 2754 singulatim
895 2700 996 2759 perse·
1038 2679 1047 2702 '
1154 2737 1157 2746 ,

64 2787 145 2842 quar.
192 2770 233 2826 ue
254 2770 315 2826 baec
338 2770 448 2842 quidem
463 2771 588 2843 exempla
610 2776 664 2824 tam
687 2767 778 2825 multis
799 2768 893 2824 verbis
915 2783 996 2822 com-

64 2867 284 2922 memorassem,
321 2853 376 2910 uisi
409 2853 527 2910 Orellins
556 2848 605 2929 (ad
627 2852 708 2911 Catil.
730 2851 768 2907 lV
793 2850 853 2914 init.
875 2867 901 2923 p.
918 2844 995 2926 242)
1065 2868 1071 2872 ·

66 2943 179 3008 questus
206 2942 300 3006 esset,
337 2935 412 3009 quod
444 2952 499 3008 ogo
529 2937 817 3005 antea=’'argumenta
848 2933 995 3003 historica,
1061 2967 1064 2984 ,

67 3034 128 3091 quae
153 3019 275 3075 dilucide
298 3035 331 3076 ac
356 3019 494 3075 subtiliter
515 3019 666 3076 Abrensius
697 3011 908 3092 proposuisset,
940 3033 996 3072 uon

68 3102 251 3173 attigissem.”
297 3101 441 3158 Subtililas
463 3103 510 3158 illa
536 3119 596 3174 quae
617 3102 669 3176 sit,
697 3101 750 3157 ianr
772 3116 907 3173 apparere
930 3099 996 3173 opi-

68 3199 129 3242 nor.
176 3185 217 3240 De
240 3184 275 3240 iis
297 3186 478 3256 argumentis,
501 3199 619 3258 quaeex
642 3190 701 3240 arte
725 3190 753 3239 et
777 3185 908 3239 facultate
928 3199 996 3238 ora-

66 3267 138 3323 toris
160 3265 319 3324 desiderata
343 3273 390 3324 aut
411 3284 446 3324 ex
471 3263 618 3324 verborum
640 3283 690 3323 usn
712 3267 793 3322 ducta
812 3272 892 3335 sunt,
928 3264 996 3320 nilril

69 3357 144 3408 muto
166 3367 202 3406 err
224 3341 269 3424 iis,
293 3368 355 3424 qua
377 3349 407 3406 in
431 3350 571 3424 opusculis
593 3368 621 3424 p,
640 3350 701 3408 192
724 3349 791 3406 dixi.
833 3348 996 3420 Exemplum

69 3433 448 3509 nuumlpoaamloiusmodi,
470 3434 545 3508 quod
568 3433 689 3489 levitatis
711 3439 741 3489 et
761 3431 879 3488 inscitiae
902 3429 997 3486 loceli-

68 3518 126 3571 tate
156 3518 274 3590 aliquam
307 3515 465 3574 deterrendi
499 3517 554 3573 vina
588 3517 691 3572 habere
723 3516 812 3589 possit
873 3514 901 3568 Ρ.
934 3513 997 3568 209
1042 3538 1043 3542 ¹

69 3595 220 3656 Abrensius
235 3601 344 3670 scribit,
366 3601 414 3656 '‘se
427 3601 500 3657 nulla
514 3599 684 3656 contumelio
701 3545 996 3673 (voluit'cxlumoa'al)

69 3679 212 3755 impulsum
227 3683 377 3755 iudicasse,
398 3682 534 3740 declarari
550 3683 607 3740 alio
629 3684 707 3753 loco,
729 3683 757 3738 in
779 3695 845 3752 quo,
868 3679 891 3737 sl
908 3678 998 3736 lenis·

72 3763 138 3822 sino
160 3772 283 3838 statuas,
315 3772 446 3842 quattuor
469 3766 607 3826 minimum
629 3766 698 3824 vitia
721 3762 924 3844 repertantur&
971 3761 1000 3834 la
1044 3765 1046 3768 '
