2468 4318
224 237 313 298 nno
340 240 373 298 r.
403 201 779 302 nmnroiarraons.
842 259 848 264 ·
902 251 968 306 rm

59 409 108 474 lom
126 427 157 476 se
176 429 312 494 umquam
333 412 502 498 pericolum
521 429 580 497 pro
602 417 653 478 tua
671 414 816 500 dignitate
829 415 948 502 fugisse
954 437 966 496 3

58 513 114 557 cum
133 495 184 558 illa'
203 497 293 578 ipsa1
317 499 470 561 teterrima
487 502 574 580 peste
591 515 628 561 se
645 501 814 582 saepissime
833 520 891 585 pro
913 509 965 568 tua

56 579 139 660 gloria
168 581 394 664 contemlisse3¹
429 581 613 645 tribunatum
647 599 735 648 suum
766 585 804 649 ad
834 587 964 650 salutm
1085 663 1090 670 Ι

55 679 145 740 meam
173 681 237 746 que
256 665 310 728 tibi
330 665 488 729 carissima
510 664 630 744 fuisset,
663 668 800 732 consiliis
819 668 878 732 tuis
899 687 963 754 gu-

53 743 208 823 ltematome
239 766 276 811 se
296 767 314 811 e
335 753 365 810 te
382 755 489 830 postea
512 749 670 814 defensum
693 750 724 814 in
746 751 884 835 periculo
906 772 963 816 ca-

52 828 119 908 pitis,
138 830 266 894 adiutum
287 833 318 896 in
339 833 485 914 petitione
507 838 662 915 preture3
695 833 772 899 duos
792 853 827 898 se
848 836 962 900 habere

51 928 154 994 sempor
173 915 372 980 amicissimos
393 933 553 998 sperasse,
585 921 616 979 te
638 922 689 981 tuo
712 918 881 998 beneficio,
911 937 962 986 ma

51 1011 104 1058 sno.
141 997 212 1072 Oce
233 999 260 1063 si
284 1017 346 1062 non
368 999 521 1082 probaret,
545 1001 572 1064 si
593 999 648 1062 tibi
663 1001 704 1064 ita
724 1003 845 1084 penitus
862 1002 961 1068 inhe-

50 1079 126 1142 sisset
144 1081 199 1144 ista
223 1084 381 1165 suspicio,
403 1081 488 1147 nullo
508 1091 543 1147 ut
564 1085 654 1146 evelli
674 1086 765 1148 modo
787 1093 913 1168 posset,
933 1087 962 1152 ai

50 1160 163 1245 lenique
184 1166 267 1230 ltalia
292 1186 309 1229 a
331 1165 460 1245 delectu,
481 1167 554 1231 urbs
577 1167 613 1231 ab
639 1169 730 1231 armis
754 1170 821 1232 sine
838 1167 961 1234 Milonis
1112 1243 1116 1254 ⁸

49 1245 120 1308 clade
138 1265 298 1332 numquam
317 1254 398 1314 esset
421 1252 627 1333 conquietura,
651 1269 699 1314 nm
720 1253 776 1315 iste
797 1252 878 1316 lraud
901 1253 960 1317 du·-
1054 1291 1058 1297 ·

48 1327 131 1392 litans
154 1335 299 1396 cessisset
327 1334 440 1416 patria,
475 1336 518 1413 is,
552 1336 603 1416 qui
626 1335 666 1397 im
688 1341 775 1399 natus
797 1342 844 1400 est
866 1342 898 1398 et
919 1337 961 1400 ila

49 1417 204 1492 consuerit3
225 1423 267 1496 te,
289 1415 409 1500 ltlagne,
430 1421 530 1480 tomen
547 1424 756 1497 antestaretur,
778 1419 861 1502 quod
878 1437 960 1484 nuno
1170 1501 1174 1506 ‚

48 1495 122 1559 etiam
141 1497 221 1567 lacit.
268 1495 356 1580 Vide,
386 1501 537 1582 quamsit
560 1501 643 1564 varia
663 1502 733 1563 vitm
756 1502 1004 1569 commutati-et
1022 1492 1071 1565 26

48 1574 131 1660 lisque
149 1585 238 1662 ratio,
261 1600 349 1664 quam
366 1601 444 1665 vaga
466 1582 670 1664 volubilisque
687 1583 820 1672 senuna,
843 1591 960 1666 quantae

47 1659 218 1730 infidelitates
253 1667 285 1729 in
319 1666 505 1744 amicitiis²‚
551 1684 639 1747 quarn
669 1665 707 1729 ad
736 1671 853 1749 tempus
882 1672 960 1750 apte
1127 1687 1137 1722 ι

48 1744 253 1828 simulationes,
286 1757 403 1832 quantae
421 1750 453 1812 in
471 1747 615 1831 periculis
636 1748 718 1831 iuga
740 1749 959 1832 proximorum,

18 1836 146 1908 ,ouante
168 1834 351 1897 timiditates.
409 1831 483 1911 Erit,
507 1833 565 1894 erit
587 1831 662 1896 illud
680 1833 819 1914 profecto
839 1839 959 1917 tempus
1030 1905 1032 1910 ,

46 1916 70 1970 et
89 1913 236 1981 illucescet
259 1916 312 1979 ille
334 1915 524 1998 aliquanto⁸
549 1916 625 1992 dies,
656 1934 748 1999 quum
768 1922 810 1994 tu,
839 1919 957 1983 saluta-

45 1994 124 2074 ribus,
144 2006 175 2061 ut
195 2017 299 2084 spero,
322 2001 416 2064 rebus
433 1995 509 2078 luis,
531 2001 587 2063 sed
603 1999 735 2063 fortasse
753 2005 836 2065 motu
855 2001 958 2084 alimm
1067 2035 1069 2043 ι
1165 2081 1169 2092 ¹

45 2084 227 2149 communium
249 2085 446 2164 temporum⁴
478 2084 542 2166 (qui
572 2097 660 2165 qnam
692 2082 800 2147 crebro
831 2085 967 2165 accidat,⁴
1116 2149 1125 2156 ,

45 2159 144 2303 superii
165 2164 457 2266 5⁰ife.d⁰b.ef¹¹¹¹⁵⁵)’
479 2175 508 2312 etl
528 2166 964 2316 gmigissimileneJole‘irtiam·
1061 2215 1066 2230 .

131 2267 263 2314 amssrmr
300 2269 357 2314 vin
392 2269 439 2313 ma
464 2269 526 2313 nru
548 2269 578 2312 m
599 2269 628 2312 m
664 2269 756 2314 anrmr
810 2271 855 2317 ear
877 2270 956 2316 eres.

45 2265 212 2414 Quaffiquam
240 2334 308 2416 quis
332 2332 392 2396 hoc
416 2271 536 2412 engela,
574 2333 628 2396 Cn.
651 2331 846 2417 Pompeium,
879 2336 1002 2416 inrisae

43 2411 157 2494 publici,
184 2420 280 2480 moris
301 2417 468 2496 maiorum,
499 2417 546 2479 rei
568 2416 699 2498 deniqne
719 2417 848 2501 publica
858 2419 956 2564 (feri-

43 2491 186 2578 tissimum‚
223 2518 314 2583 quum
340 2506 462 2565 senatus
481 2501 513 2562 ei
535 2499 738 2580 commiserit,
772 2507 804 2565 ut
826 2500 856 2564 vi
878 2507 956 2581 eret,

42 2592 72 2638 ne
92 2583 159 2660 quial
186 2602 240 2648 res
267 2583 596 2666 publico-detrimenti
626 2590 767 2664 coemat,
801 2600 863 2666 quo
891 2601 955 2650 uno

43 2665 175 2730 versiculo
186 2670 272 2733 satis
290 2670 395 2731 armati
411 2686 533 2750 semper
549 2667 691 2730 consules
710 2666 842 2746 fueruat,
864 2669 956 2732 etiarn
1016 2747 1017 2756 ἵ
1060 2743 1064 2750 .

42 2745 119 2810 nullis
142 2752 232 2815 armis
255 2752 343 2828 datis,
365 2752 445 2815 hunc
460 2749 607 2827 exercitu,
628 2749 709 2818 huno
729 2751 850 2814 delectu
873 2751 954 2830 dato,
1029 2833 1031 2838 Ι

41 2822 168 2896 iudicium
191 2839 435 2918 exspectaturum
457 2834 553 2898 luisse
576 2833 607 2896 in
632 2834 698 2896 eius
723 2835 861 2899 consiliis
882 2835 954 2898 vin-

43 2907 171 2997 dicandis,
196 2920 248 3001 qui
268 2915 298 2981 vi
319 2918 432 2982 iudicia
453 2919 519 2999 ipsa
541 2914 687 2979 tolleret?
735 2917 813 2982 Satis
834 2915 955 2982 indica-

41 2996 94 3057 tum
120 3007 167 3064 est
195 3021 212 3065 a
236 3002 399 3084 Pompeio,
430 3001 524 3079 satis,
556 2998 635 3063 falso
666 2999 723 3062 ista
755 3000 888 3066 conferri
920 3002 954 3066 ia

41 3069 188 3160 llilonem,
209 3086 264 3168 qui
286 3084 396 3169 legem·
411 3085 489 3162 tulit,
514 3101 599 3165 qua,
615 3085 649 3146 ut
672 3097 732 3166 ego
754 3086 869 3166 sentio,
890 3085 953 3148 lli-

42 3155 130 3227 lonem
153 3169 273 3232 *absolvi
301 3187 319 3233 a
344 3169 431 3232 vobis
465 3170 636 3248 oporteret,
676 3171 721 3228 ut*
736 3185 842 3232 omnes
872 3185 952 3231 com-

42 3238 164 3330 itentur,
196 3252 310 3316 liceret
358 3250 446 3325 Quod
464 3266 538 3314 vero
560 3248 592 3312 in
612 3247 665 3312 illo
688 3248 757 3314 loco
779 3257 868 3334 atque
889 3249 995 3316 illisrt

41 3327 216 3403 publicorum
249 3334 461 3418 presidiorum
494 3333 592 3415 copiis
623 3332 822 3398 circumfusus
854 3333 951 3412 sedet,

41 3412 104 3474 satis
126 3417 275 3496 declarat,
307 3437 341 3483 se
365 3437 428 3482 non
451 3425 599 3481 terrorem
618 3415 735 3480 inferre
755 3416 841 3480 robis
865 3416 952 3500 (quid
1056 3409 1077 3486 ⁰.

42 3496 111 3558 enim
130 3504 226 3570 minus
256 3502 334 3567 illo⁶
370 3502 514 3585 dignum,
549 3517 639 3584 quam
667 3517 801 3585 cogere,
832 3505 865 3564 ut
894 3517 951 3594 ros

40 3619 255 3650 Ἢ
369 3655 371 3660 Ι
798 3605 799 3610 ,

73 3699 155 3772 ¹ipaa
172 3711 224 3764 illa.
259 3708 379 3763 ¹1t.-
397 3709 496 3762 amicir.
535 3705 602 3760 ⁸1⁴2.
624 3728 658 3745 -
678 3704 741 3771 aliq.
757 3703 811 3758 ille.
840 3700 903 3756 ⁴E·
921 3699 952 3756 B·
1039 3763 1042 3766 .

69 3768 114 3826 alit
134 3781 213 3845 codd„
238 3781 295 3836 edd.
311 3789 370 3832 ectr.
388 3805 423 3842 -e
440 3789 590 3848 temporum
614 3774 767 3834 immutatis.
821 3774 833 3808 ⁵
861 3773 893 3828 Ε.
915 3795 952 3810 ·-

70 3839 190 3906 detensa
209 3854 287 3906 scire·
325 3848 391 3902 ⁶13.
407 3873 443 3889 ··
459 3849 505 3904 illo
525 3851 620 3926 minus.
975 3859 978 3872 '

627 4055 630 4061 λ
704 3956 823 4040 ,11·''
