2546 4310
473 136 484 167 Ι

229 203 768 301 anonae-uniuntur.
836 253 841 262 ¹
957 250 993 300 ee

60 435 125 482 rom
147 401 217 481 non
241 417 363 482 multum
388 417 425 481 ab
456 417 560 482 hostili
592 418 816 502 expugnatione
845 415 991 502 differant

58 502 145 564 lluno
168 500 335 566 audiebant
355 507 453 581 antea,
476 518 556 565 nunc
576 510 755 585 presentem
776 500 887 580 vident,
910 508 990 565 tanta

59 586 277 666 temperantia,
308 591 388 648 tanta
409 586 655 665 mausuetudine,
691 593 773 650 tanta
794 585 990 670 humanitate,

58 674 89 729 ut
114 669 135 730 ii
159 669 329 732 beatissimi
347 686 418 731 csse
440 670 614 747 videantur,
644 670 722 752 apud
744 677 820 752 quos
842 669 894 731 ille
918 669 989 732 diu-

58 752 173 814 tissime
197 758 408 815 oommoratur.
455 752 567 831 Quare,
588 754 616 817 si
630 759 755 835 propter
772 753 885 830 socios,
907 741 1075 816 natrano
1178 770 1181 778 ’

58 835 116 916 ipsi
139 836 253 898 iniuria
278 836 429 913 lacessiti,
467 837 600 900 maiores
621 838 713 900 vestri
736 855 803 901 cum
824 835 988 914 Antiocho,

58 935 122 978 cum
144 918 306 1000 Philippo,
340 937 407 982 cum
427 918 557 999 AEtolis,
592 938 660 983 curn
681 919 791 982 Poenis
811 918 889 982 bella
911 936 988 1002 ges-

59 1007 178 1080 serunt,
212 1008 324 1083 quanto
345 1020 401 1066 vos
421 1002 520 1066 studio
544 1003 704 1080 convenit,
727 1003 845 1066 iniuriis
868 1019 987 1084 proro-

60 1091 159 1160 catos‚
205 1087 360 1150 sociorum
392 1087 519 1149 salutem
553 1105 614 1151 una
646 1104 714 1149 curn
747 1086 866 1168 imperii
893 1086 988 1148 vestri

60 1167 201 1249 dignitate
232 1167 416 1247 defendere,
460 1172 628 1252 praesertim
644 1189 751 1251 1quum
780 1169 819 1233 de
849 1169 987 1231 maximis

59 1252 189 1313 vestris²
223 1253 424 1335 vectigalibus
452 1254 583 1336 agatur?
621 1253 696 1318 Nam
720 1258 888 1316 ceterarum
908 1269 986 1334 pro-

58 1334 222 1398 vinciarum
247 1336 426 1418 vectigalia,
450 1337 600 1416 Quirites,
622 1344 705 1400 tanta
725 1343 813 1415 sunt,
834 1340 867 1397 ut
888 1336 926 1398 iis
948 1333 986 1397 ad
1036 1353 1053 1379 ³

60 1415 136 1496 ipsas
159 1419 337 1500 provincias
356 1419 493 1484 trrtandas
510 1422 563 1482 vix
581 1420 713 1482 contenti
728 1435 799 1482 esse
814 1420 984 1499 possimus;

59 1499 128 1562 Asia
143 1517 221 1564 vcro
243 1507 305 1564 tam
327 1504 428 1584 opima
452 1508 499 1565 est
519 1504 582 1566 ac²
604 1503 725 1580 fertilis,
746 1508 779 1566 ut
799 1508 829 1564 et
849 1501 986 1564 ubertate

60 1599 197 1664 agrorum
220 1591 251 1647 ct
272 1587 418 1648 varietate
439 1586 590 1650 fructuum
610 1594 642 1648 ct
661 1585 867 1666 magnitudine
887 1584 988 1665 pasti-¹

61 1666 123 1728 onis
144 1674 174 1730 et
195 1669 386 1732 multitudine
411 1687 513 1732 carum
537 1665 659 1747 rerum,
689 1685 757 1748 quae
780 1672 986 1747 exportantur,

60 1746 144 1811 lacile
176 1753 319 1816 omnihus
351 1753 442 1814 terris
473 1753 639 1816 antecellat.
686 1751 791 1832 ltaque
812 1750 877 1812 hec
896 1747 985 1811 vobis

60 1834 230 1913 provincia,
266 1835 415 1912 Quirites,
448 1837 476 1899 si
507 1842 537 1898 et
564 1836 637 1899 belli
668 1835 823 1898 utilitatem
847 1839 877 1895 et
899 1832 985 1915 pacis

61 1913 230 1996 dignitatern
253 1920 416 1982 retinere⁸
450 1919 550 1997 vultis,
571 1936 634 1983 non
655 1917 746 1981 modo
769 1936 786 1979 a
806 1915 985 1995 calamitate,

62 1996 112 2058 sed
134 2001 223 2063 ctiam
249 2009 376 2065 ornatu
394 2003 572 2068 calamitatis
594 2008 642 2065 cst
665 2000 865 2064 defendenda.
910 1999 985 2063 Nam
998 2007 1032 2058 15

63 2078 93 2175 in
113 2085 251 2148 oetcris⁴
282 2086 394 2165 rebus,
430 2105 520 2169 quum
544 2087 624 2150 venit
646 2085 815 2162 calamitas,
844 2091 907 2148 tom
927 2081 985 2146 dcss
1083 2161 1084 2164 Ἴ

61 2165 228 2231 trumentum
252 2169 417 2252 accipitur3
461 2177 491 2233 at
521 2170 553 2233 in
583 2169 784 2252 vectigalibus
803 2185 865 2230 non
886 2167 986 2230 solum

62 2245 200 2316 adv'eutus
222 2253 313 2332 mall,
350 2253 406 2316 sed
428 2255 520 2317 etiarn
540 2261 638 2317 metus
660 2254 728 2335 ipsc
749 2251 836 2314 allert
857 2251 985 2315 calami-

62 2331 151 2393 tatem.
198 2335 275 2400 Nam
300 2353 391 2418 quum
412 2336 543 2400 hostium
562 2338 659 2418 copia
676 2351 738 2397 non
757 2335 850 2417 longe
867 2334 984 2412 absunt,

63 2413 169 2505 etiamsi
191 2419 320 2506 irruptio
342 2419 425 2482 nulla
446 2418 525 2483 lacta
547 2423 631 2500 estt,
660 2426 760 2502 tarnem
781 2417 905 2501 pecua⁶
928 2434 984 2478 re-

63 2491 246 2582 linquuntur,
270 2501 456 2584 agricultura
479 2503 650 2583 deseritur,
670 2509 872 2564 mercatorum
894 2499 983 2562 navi-

64 2580 136 2656 gatio
156 2585 354 2669 conquiescit.
400 2586 443 2649 lta
466 2605 567 2672 neque
589 2606 629 2649 ex
645 2592 736 2670 portu
751 2601 851 2667 neque
867 2601 907 2646 cx
925 2583 984 2645 de-

64 2664 149 2726 cumis
171 2685 271 2752 naque
293 2687 332 2730 cx
353 2670 654 2754 scripturatvcctigat
670 2668 847 2733 conservari
863 2671 983 2749 potest3

65 2759 149 2820 quaro
169 2769 251 2835 sepe
271 2754 364 2816 totius
385 2756 455 2816 anni
478 2744 592 2816 linctus
616 2773 678 2818 uno
699 2768 823 2815 rumore
853 2749 984 2833 periculi

65 2830 145 2908 tique
160 2852 221 2898 uno
239 2835 312 2898 belli
329 2843 447 2899 terrore
466 2839 618 2922 aurittitur.
658 2837 726 2912 Quo
745 2833 867 2897 tandein
883 2834 1030 2898 animone

65 2921 126 2972 esse
147 2918 323 2984 existimatis
348 2926 400 2983 aut
422 2937 488 2999 eos,
511 2923 562 3003 qui
584 2919 748 3004 vectigalia
768 2918 859 2980 uobis
873 2917 984 3000 pensi-

65 2992 128 3072 tant,
148 3006 197 3062 aut
221 3020 286 3081 eos,
311 3005 363 3084 qui
387 3013 532 3069 exercent
547 3013 638 3086 atque
655 3007 792 3084 exigunt,
815 3019 907 3082 quum
922 2999 983 3062 duo
1070 3068 1076 3076 ,

66 3085 146 3156 reges
161 3099 227 3148 curn
243 3087 382 3150 maximis
400 3089 498 3169 copiis
512 3090 656 3170 propter⁷
675 3084 797 3152 adsint?
820 3103 910 3166 quum
922 3101 984 3146 una

68 3167 194 3252 excursio
223 3171 373 3251 equitatus
395 3170 537 3252 perbrevi
558 3178 697 3254 tempore
714 3168 813 3232 totius
835 3169 905 3230 anni
925 3183 984 3229 ve-

68 3243 147 3321 ⁰¹¹t³l
168 3252 287 3316 auterre
309 3255 435 3335 possit?
460 3273 551 3335 quum
566 3255 720 3338 publicani
735 3251 866 3315 lamilias
880 3249 981 3312 maxi-

69 3335 132 3401 nas,
154 3349 226 3412 quas
253 3337 284 3399 in
305 3337 411 3402 salinis
436 3336 557 3418 habent,
580 3337 706 3422 quasin
731 3335 824 3417 agris,
849 3332 980 3415 quasin

69 3412 199 3479 Portubus
222 3426 311 3501 atquo
330 3420 487 3500 custodiis,
520 3441 631 3504 magno
653 3419 790 3504 periculo
812 3435 847 3480 se
868 3416 983 3480 habere

70 3486 260 3591 arbitrentur?
305 3503 457 3568 Putatisno
488 3522 544 3570 vos
570 3507 635 3600 ,5¹5⁵
666 3506 758 3570 rebus
791 3498 852 3564 lroi
876 3515 982 3582 posse,

70 3609 278 3646 N...-

100 3689 319 3765 'Ellacaattt
335 3738 371 3750 -
387 3713 480 3764 vestris
498 3711 623 3763 maximis.
661 3707 816 3761 lll.·-·et.
855 3705 913 3760 Ἐ
929 3705 980 3759 cot.
1057 3731 1064 3738 ·

99 3762 130 3860 ⁴:¹-
149 3795 179 3808 -
197 3783 333 3835 sustinere.
395 3782 459 3837 ⁴1t.
477 3783 580 3842 naun,
604 3779 660 3833 edd.
680 3788 738 3830 cett.
766 3805 801 3859 -7
829 3780 925 3830 ceteris
943 3781 980 3831 in.

132 3835 161 3891 Ε·
177 3851 291 3905 -lacta
310 3852 380 3910 uolla
397 3854 439 3906 sit.
488 3852 499 3886 ⁶
521 3863 627 3920 pecora.
675 3849 687 3880 ⁷
707 3848 739 3900 Ε.
760 3849 826 3901 llatt.
838 3873 871 3888 -
887 3863 980 3917 propo.
