2468 4318
214 243 315 314 nno
333 244 365 297 n.
389 233 541 300 nunno
568 241 761 301 mrnouu.
901 251 970 340 ¹³⁰,

36 433 189 480 consessus
211 420 315 478 vester
334 412 449 478 cinctus
469 419 525 494 est,
549 421 581 477 ut
602 415 738 492 solebat3
761 433 822 480 non
843 421 981 483 usitaua

36 501 195 580 frequentia
217 499 320 581 stipati
343 515 465 576 sumus3
510 498 591 560 nce¹
626 498 677 561 illa
698 501 856 581 praesidia,
885 521 952 585 quae
976 495 979 501 ’

33 601 83 664 pro
106 583 226 664 templis
249 581 389 644 omnibus
414 581 557 659 cernitis,
595 583 652 644 etsi
674 591 779 646 contra
800 586 860 647 vim
883 587 952 648 eol-

34 667 123 728 locate
142 673 233 746 sunt,
271 682 332 726 non
355 664 484 727 atterunt
502 670 601 727 tamen
625 669 738 728 oratori
764 668 893 750 aliquid,
920 674 954 747 ut
1005 675 1010 682 '

34 751 61 810 in
82 748 147 811 foro
169 755 200 812 et
226 750 260 811 in
282 748 406 825 iudicia,
439 767 617 830 quamquam
640 750 789 830 praesidiis
811 753 952 815 salutari-

33 832 83 894 bus
102 839 131 894 et
150 832 339 896 necessariis
361 832 446 912 saepti
461 849 575 909 sumus,
596 838 693 894 tamen
711 852 750 895 ne
768 853 828 898 non
846 838 952 900 timere

34 915 145 994 quidem
166 919 237 980 sine
261 916 362 995 aliquo
384 916 494 977 timore
509 917 669 997 possimus·
714 916 787 989 Qua
808 921 953 1002 steppo-

35 1000 83 1060 sita
99 998 205 1063 Miloni
226 1006 377 1081 putarem,
407 998 549 1060 cederem
575 1001 712 1080 tempori,
742 1001 878 1080 iudices,
896 1021 971 1065 neox

35 1082 237 1146 intentantem
260 1084 320 1144 vim
338 1099 488 1144 armorum
506 1081 708 1144 existimarem
724 1101 794 1146 esse
808 1087 955 1149 orationi²

36 1165 134 1228 locum.
180 1167 244 1230 Sed
267 1183 316 1227 me
339 1172 459 1227 recreat
480 1171 511 1226 et
533 1165 631 1228 reiicit
654 1165 707 1229 Cn.
732 1166 878 1250 Pompeii,
900 1187 954 1232 sa-

35 1249 205 1328 pientissimi
229 1256 261 1311 et
285 1248 438 1312 iustissimi
460 1249 528 1326 viri,
551 1251 721 1327 eonsilium,
743 1253 794 1333 qui
815 1253 954 1334 proiecto

35 1351 85 1393 nec
103 1334 226 1397 iustitia
253 1350 317 1396 suec
338 1337 456 1413 putaret
476 1349 557 1409 esse,
580 1351 668 1414 quem
691 1351 776 1396 reum
798 1337 955 1398 sententiis

36 1415 157 1478 iudicum
187 1417 384 1492 tradidisset,
422 1414 551 1478 eundem
581 1417 649 1478 telis
678 1418 803 1482 militum
832 1418 957 1497 dedere,

36 1517 86 1560 nec
104 1501 297 1582 sapientia,
340 1499 538 1564 temeritatem
547 1519 557 1560 u
566 1501 725 1562 concitatae
757 1501 953 1566 multitudinis
1069 1503 1074 1513 “

38 1585 206 1647 auctoritate
228 1583 349 1666 publiea
372 1599 499 1643 armare.
549 1581 750 1654 Quamobrem
781 1585 845 1645 illa·
863 1603 984 1662 armas
1057 1632 1058 1636 ,

37 1668 233 1744 centuriones,
246 1656 399 1730 'cohortes
421 1681 482 1726 nou
498 1665 666 1746 periculum
684 1665 783 1743 nobis,
806 1667 860 1730 sed
873 1685 956 1748 pree·
1030 1725 1031 1728 ,
1132 1743 1137 1760 s

38 1747 136 1811 sidium
152 1751 341 1825 denuntiant,
363 1755 463 1828 neque
479 1748 587 1824 solum,
601 1754 637 1808 ut
653 1751 766 1830 quieto,
785 1750 840 1812 sed
856 1753 956 1828 etiam,

38 1837 67 1891 ut
85 1851 195 1916 magno
224 1835 325 1896 animo
348 1833 461 1909 simus,
491 1831 666 1910 hortantur,
690 1850 789 1913 neque
813 1829 957 1897 auxilium

37 1915 118 1977 modo
141 1916 318 1980 defensioni
338 1933 432 1993 meae,
467 1933 571 1977 verum
595 1915 684 1978 etiam
707 1916 859 1980 silentium
883 1917 957 1999 pnl-

36 1989 165 2063 licentur.
214 2001 344 2080 Reliqua
365 2015 439 2061 vero
469 1998 644 2076 multitudo,
681 2017 748 2081 quae
771 2000 890 2081 quidem
912 2006 958 2064 est

38 2080 150 2161 uirium,
170 2089 236 2146 tota
253 2089 356 2146 nemra
373 2089 430 2158 est,
452 2099 552 2163 neque
569 2099 674 2144 eorum
692 2084 858 2164 quisquam,
880 2099 957 2168 quos
1073 2159 1081 2170 Ι

39 2164 163 2247 undique
192 2171 365 2243 intuentes,
407 2164 489 2226 unde
520 2165 621 2245 aliqua
639 2166 710 2229 dori
739 2185 810 2249 pars
841 2168 958 2249 adspici
1038 2208 1041 2220 ι

39 2253 148 2327 potest,
182 2259 214 2313 et
238 2250 327 2312 buius
345 2247 458 2312 exitum
479 2247 583 2310 iudicii
607 2256 816 2331 exspectantes
837 2252 958 2328 videtis,
1103 2251 1107 2260 '

40 2344 94 2390 non
115 2351 205 2416 quum
230 2333 331 2395 virtrrti
352 2331 473 2395 Milonis
496 2330 586 2409 fauet,
606 2338 667 2394 tum
692 2333 730 2395 de
751 2351 795 2410 se,
818 2334 856 2397 de
877 2335 958 2396 libe-

41 2410 79 2471 ris
99 2416 172 2493 suis,
203 2418 243 2481 de
262 2417 368 2498 patria,
393 2413 431 2476 de
452 2412 583 2476 fortunis
604 2415 752 2478 hodierno
775 2416 824 2479 dic
847 2418 959 2480 decer-

42 2496 92 2556 tari
112 2505 203 2578 putat.
256 2499 352 2564 Unum
403 2515 478 2560 enus
509 2503 555 2558 est
576 2498 733 2562 adversum
755 2498 967 2580 infestumque.
1004 2512 1028 2582 2

43 2578 123 2642 nobis
144 2600 262 2660 eorum,
286 2599 367 2664 quos
380 2518 416 2644 ξ’.
435 2579 534 2643 Clodii
556 2580 642 2643 furor
665 2583 778 2664 rapinis
799 2591 830 2646 et
849 2584 959 2645 incen-

44 2657 95 2722 diis
119 2671 149 2726 et
172 2667 312 2729 omnibus
338 2665 438 2728 exitiis
460 2664 589 2746 publicis
610 2667 708 2746 pavit3
745 2667 796 2747 qui
817 2667 960 2730 hesterna

45 2744 124 2808 etiam
147 2751 290 2826 contione
314 2749 426 2811 incitati
451 2755 530 2825 sunt,
552 2755 587 2810 ut
601 2749 689 2811 vobis
708 2767 785 2812 voce
807 2752 960 2832 praeirent,

46 2829 313 2904 quidiudmareus.
337 2869 338 2872 =
357 2832 493 2905 Quorum
511 2831 635 2910 clamor,
657 2833 748 2913 siqui
765 2831 961 2910 iortefuerit,

48 2909 201 2979 admonere
224 2935 280 2979 vos
302 2913 433 2991 debebit,
457 2921 490 2976 ut
512 2931 579 2976 eum
603 2917 699 2977 eiucm
720 2917 885 2995 retineatis,
909 2918 961 2999 qui

47 3007 158 3077 semper
179 3019 278 3083 genus
306 3000 380 3062 illud
402 2999 556 3061 homimum
581 2999 790 3080 clamoresque
813 3002 961 3064 maximos
1038 3027 1042 3037 ·

47 3090 97 3150 uro
117 3090 216 3146 vestra
238 3084 334 3146 salute
356 3083 500 3166 neglexit.
545 3081 745 3155 Quamobrem
768 3083 871 3147 adeste
893 3085 990 3159 ani-4

48 3158 108 3237 mis,
131 3164 257 3244 iudices,
279 3173 309 3228 et
329 3168 478 3243 timorem,
500 3165 527 3228 si
551 3183 639 3246 quem
660 3165 786 3244 habetis,
810 3167 962 3249 deponite.

49 3236 125 3326 Nam,
147 3250 174 3310 si
196 3267 336 3331 umquam
358 3250 396 3311 de
419 3249 509 3310 bonis
532 3253 562 3310 et
583 3247 711 3313 fortibus
730 3251 820 3328 viris,
844 3251 870 3313 si
892 3267 962 3312 um-

52 3339 130 3402 quam
153 3331 190 3394 de
212 3334 291 3398 beue
313 3334 428 3396 meritis
451 3332 567 3394 civibus
596 3339 729 3413 potestas
761 3335 848 3396 vobis
869 3332 961 3395 niudi-

52 3411 131 3473 eaudi
151 3413 216 3495 fuit,
239 3417 265 3479 si
287 3416 417 3498 denique
440 3433 582 3498 umquam
605 3416 690 3480 locus
712 3417 962 3498 amplissimorum

53 3491 180 3562 ordinum
203 3500 328 3562 delectis
349 3501 424 3563 uiris
445 3499 532 3564 dabis
557 3506 618 3580 est,
637 3501 685 3562 ut8
704 3518 758 3562 sua
773 3500 870 3563 studia
887 3517 961 3580 erga

52 3567 138 3668 fortes
162 3589 192 3645 et
221 3583 318 3647 bonos
347 3586 446 3662 cives,
483 3600 549 3665 quae
566 3585 661 3666 ,vultu
692 3590 722 3644 et
750 3584 850 3647 verbis
880 3601 962 3666 sape

53 3663 271 3746 ttgnilicassent,
297 3685 332 3729 rc
353 3675 383 3730 et
404 3667 562 3732 sententiis
584 3667 782 3748 declararent,
804 3668 863 3732 boc
884 3669 961 3750 pro-

28 3803 32 3813 ι
55 3768 269 3802 χ*

87 3833 216 3928 ¹†Nam.
271 3819 412 3896 'oratori
470 3843 533 3896 ²13.
549 3833 582 3898 Ε.
601 3869 632 3882 -
653 3846 707 3897 nbi.
