2468 4318
295 225 343 282 an
379 196 724 282 utrarum-nau.
922 186 978 278 ἰὴ
1082 250 1111 298 4,

129 395 337 474 Quamobrem
359 397 425 462 sive
444 396 506 462 hoc
525 397 708 477 statueritis,
737 383 880 462 deberitis
904 395 978 462 mihi
990 377 1065 454 116

41 482 178 546 comitem
202 483 244 548 ad
268 483 440 546 contionem
462 483 582 565 populo
612 499 715 546 carum
745 488 836 562 atque
865 483 977 546 iucuna·

41 565 132 645 dum,
149 568 219 630 sive
244 563 341 630 Silani
362 566 542 630 sententiam
563 567 651 649 sequi
674 565 861 643 malueritis,
885 565 977 629 facilc

40 667 87 712 me
110 656 203 733 atque
227 665 286 712 vos
306 649 491 713 crudelitatis
512 650 735 732 vituperatione
755 650 888 731 populus
909 648 975 710 no.

39 751 141 796 manus
166 732 357 808 exsolvet¹;
390 740 482 814 atquc
506 733 661 810 obtinebo,
685 751 752 796 eam
775 733 870 796 multo
893 732 975 796 leni·
1077 787 1079 794 ,

39 832 121 886 orem
141 816 256 881 fuisse.
299 816 495 898 Quamquam,
516 823 617 899 patres
632 817 807 899 conscripti,
829 833 897 900 quae
913 834 974 897 po-

40 905 95 962 test
117 917 189 963 esse
212 901 247 964 in
269 901 345 962 tanti
364 900 492 963 sceleris
514 901 695 964 immanitate
716 899 882 982 punienda·
900 917 975 962 cru-

39 980 165 1048 delitas?
205 983 276 1067 Ego
301 984 382 1046 enim
406 983 445 1046 de
468 1000 537 1048 meo
559 1001 652 1048 sensu
680 983 793 1048 iudico.
838 982 913 1046 Nam
933 984 1004 1046 ita·
1064 994 1069 1001 ·

38 1065 105 1128 mihi
128 1067 218 1130 salva
239 1084 275 1130 re
298 1066 422 1149 publica
449 1068 607 1130 vobiscum
639 1066 757 1148 perimi
788 1067 901 1146 liccat,
941 1073 974 1131 ut
1047 1107 1053 1120 ·

39 1166 105 1230 ago,
126 1151 212 1232 quod
236 1150 270 1214 in
290 1149 348 1212 hac
369 1169 461 1214 causa
481 1151 689 1215 vehementior
708 1168 786 1229 sum,
808 1167 871 1212 non
888 1156 974 1213 atro-

38 1232 121 1294 citate
154 1234 251 1308 animi
282 1251 411 1296 moveor
440 1233 521 1316 (quis
555 1235 635 1298 enim
666 1240 713 1298 est
741 1252 790 1297 me
819 1232 921 1297 mitior
930 1233 974 1315 l),

37 1315 88 1378 sed
120 1317 276 1401 singulari
311 1316 438 1399 quadam
472 1318 656 1381 humanitate
692 1323 723 1380 et
754 1317 973 1402 misericordia,

37 1396 144 1462 Videor
166 1403 252 1466 enim
273 1401 347 1464 mihi
370 1401 475 1464 videre
496 1403 573 1465 hanc
595 1401 737 1479 urbem2,
767 1400 866 1465 lucam
889 1400 998 1474 orbis.

37 1486 180 1546 terrarum
203 1491 298 1566 atque
322 1503 423 1548 arcem
445 1486 578 1549 omnium
599 1485 753 1568 gentium,
787 1485 888 1552 subito
910 1499 972 1550 uno
1004 1517 1009 1568 ¹.

37 1564 172 1630 incendio
189 1567 421 1644 concidentem3
444 1585 537 1631 cerno
555 1569 654 1630 animo
667 1567 791 1647 xsepulta
805 1567 837 1633 in
851 1567 972 1649 patria⁸

37 1649 159 1714 miseros
185 1659 281 1734 atque
306 1652 476 1733 insepultos
505 1667 632 1714 acervos
663 1650 790 1726 civium;
833 1657 973 1714 versatur

36 1731 103 1794 mihi
122 1735 323 1800 anteoeulos
342 1735 504 1816 adspectus
519 1732 645 1818 Cethegi
664 1739 694 1796 et
711 1732 799 1796 furor
817 1732 851 1796 in
869 1739 972 1797 vestra

38 1815 113 1898 cede
131 1818 321 1884 bacchantis.
369 1818 467 1892 Quum
484 1834 559 1881 vero
580 1817 652 1884 mihi
668 1817 816 1900 proposui
833 1830 1018 1900 regnan-,12

36 1899 89 1960 tam
113 1900 290 1976 Lentulum,
313 1901 391 1968 sicut
412 1903 537 1984 ipsoex
557 1899 628 1965 satis
650 1901 707 1964 se⁴
729 1918 874 1982 sperasse
892 1917 973 1968 con-r
1054 1953 1057 1958 .

37 1977 130 2046 lessus
155 1994 223 2064 est,
255 1993 452 2069 purpuratum
474 2001 544 2050 esse
566 1985 662 2048 huic⁶
691 1982 870 2062 Gabinium,
901 2002 971 2054 cum

38 2068 167 2132 exercitu
192 2070 319 2134 venisse
342 2068 516 2149 Catilinam,
551 2076 612 2132 tum
635 2068 877 2132 lamentationem
900 2085 970 2132 mu-

2 2157 3 2184 ³
37 2149 259 2233 buniamilias,
293 2161 355 2217 tum
384 2153 488 2237 sugam
513 2152 665 2236 virginum
689 2150 788 2233 atque‘
803 2167 970 2234 puerorum

1 2234 3 2248 ²
38 2247 70 2291 ac
88 2238 282 2302 vexationem
304 2237 455 2320 virginum
478 2238 662 2314 Vestalium,
683 2235 907 2319 perhorresco,
929 2241 972 2314 et,

38 2315 102 2392 quia
136 2309 212 2384 mihi
244 2321 442 2392 vehementer
474 2321 539 2386 hec
567 2320 709 2383 videntur
735 2320 847 2383 misera
878 2325 976 2401 atquc,

2 2405 3 2412 ’
39 2397 223 2484 miseranda,
255 2405 370 2468 idcireo
394 2405 425 2466 in
450 2422 525 2483 eos,
560 2404 612 2485 qui
631 2421 668 2466 ea
689 2401 837 2485 perlicere
858 2403 969 2468 uolua·-
1043 2447 1048 2466 ,

39 2488 109 2562 runt,
142 2507 192 2550 me
218 2507 360 2554 severum
381 2487 652 2568 vehementemque
675 2486 808 2570 praebco.
850 2485 976 2549 Etenim

2 2569 3 2650 Τ
40 2579 154 2655 puero,
187 2574 215 2636 si
240 2573 308 2654 quis
329 2571 564 2653 paterfamilias,
603 2571 708 2634 liberis
738 2570 802 2633 suis
833 2586 851 2631 a
877 2583 974 2630 servo

40 2651 219 2734 rnterlcctis,
242 2673 341 2718 uxore
366 2654 488 2732 occisa,
511 2656 635 2718 incensa
656 2654 765 2731 domo,
787 2652 968 2734 supplicium

2 2813 3 2816 Ἴ
40 2726 73 2822 fle
93 2752 181 2800 servo
202 2757 265 2804 non
289 2758 377 2821 quam
402 2740 628 2802 acerbissimum
648 2736 826 2819 sumpserit,
868 2741 990 2798 utrum.

40 2826 63 2872 ts
93 2818 225 2887 clemens
262 2841 298 2886 ao
328 2823 503 2888 misericors
539 2841 579 2886 an
600 2819 906 2888 ‚inhumanissimus0
936 2825 967 2881 et

40 2899 259 2970 crudelissimus
283 2925 353 2984 esse
382 2905 543 2970 videatur?
576 2905 650 2968 Mihi
674 2923 749 2968 vero
774 2906 968 2984 importunus

41 2993 72 3039 uc
89 2981 218 3068 terreus,
240 2990 292 3072 qui
314 3008 375 3053 non
396 2989 504 3054 dolore
521 3008 557 3052 ac
574 2989 708 3064 cruciatu
724 2987 864 3051 nocentis
879 3004 967 3050 suum

41 3057 168 3158 dolorem
197 3075 425 3156 cruciatumque
454 3074 583 3137 lenierit.
629 3070 680 3136 Sic
701 3088 758 3134 nos
783 3072 814 3134 in
835 3069 883 3132 his
904 3069 966 3132 ho-

41 3151 179 3235 mnibus,
203 3159 354 3240 quinos,
377 3158 429 3240 qui
448 3158 607 3240 coniuges,
630 3154 682 3237 qui
703 3154 818 3218 liberos
843 3159 974 3217 nostros

41 3227 181 3302 trucidare
203 3242 381 3320 voluerunt,
404 3240 457 3322 qui
481 3241 617 3323 singulas
642 3239 880 3319 uniuscuiusque
895 3252 964 3298 no-

41 3313 123 3404 strum
147 3322 252 3389 domos
277 3330 306 3387 et
327 3324 387 3388 hoc
408 3325 582 3388 universum
604 3324 650 3390 rei
674 3323 803 3404 publicae
833 3319 965 3386 domici-

42 3388 105 3465 hum
126 3401 227 3473 delere
248 3409 349 3473 conati
370 3414 449 3489 sunt,
481 3407 534 3492 qui
556 3407 587 3472 id
612 3412 751 3491 egerunt,
782 3410 814 3468 ut
839 3407 962 3485 gentem

43 3530 258 3564 κς...

73 3621 82 3654 ¹
98 3637 160 3692 emti.
180 3657 194 3692 a
213 3650 275 3694 cert.
294 3640 369 3694 codd.
396 3639 506 3708 (salisb.
524 3649 574 3693 vo's
600 3639 700 3692 crudal.
719 3631 916 3706 uituperatione
935 3633 964 3688 P.

72 3694 100 3748 ll·
117 3711 276 3776 exsolvetis.)
297 3736 331 3748 -
347 3729 396 3764 vos
415 3729 430 3765 a
451 3710 526 3764 crud.
546 3713 590 3762 vit.
609 3709 769 3762 defendetis.
804 3703 911 3758 'codd
928 3730 965 3742 -
1054 3743 1056 3748 ,
1132 3731 1137 3739 =

72 3763 132 3852 lanc
157 3781 212 3834 urb.
236 3783 289 3834 vid·
349 3780 508 3850 ”sepultam
534 3783 652 3849 patriam.
705 3776 809 3838 ,⁴‹=c‹l‹l.
828 3789 864 3814 ‘-
883 3792 911 3828 se
930 3791 963 3827 cr

72 3835 132 3896 latis.
183 3851 288 3907 sacar.
306 3877 341 3890 -
359 3869 419 3908 ease
437 3851 517 3906 hunc.
574 3847 586 3880 ⁰
607 3848 772 3904 inhumanus.
