<?xml version="1.0" encoding="UTF-8"?>
<!DOCTYPE html PUBLIC "-//W3C//DTD XHTML 1.0 Transitional//EN"
    "http://www.w3.org/TR/xhtml1/DTD/xhtml1-transitional.dtd">
<html xmlns="http://www.w3.org/1999/xhtml" xml:lang="en" lang="en">
 <head>
  <title>
</title>
<meta http-equiv="Content-Type" content="text/html;charset=utf-8" />
  <meta name='ocr-system' content='tesseract 3.04.00' />
  <meta name='ocr-capabilities' content='ocr_page ocr_carea ocr_par ocr_line ocrx_word'/>
</head>
<body>
  <div class='ocr_page' id='page_1' title='image "./orationesselect00madvgoog/orationesselect00madvgoog_0147.png"; bbox 0 0 2468 4318; ppageno 0'>
   <div class='ocr_carea' id='block_1_1' title="bbox 263 207 882 267">
    <p class='ocr_par' dir='ltr' id='par_1_1' title="bbox 263 207 882 267">
     <span class='ocr_line' id='line_1_1' title="bbox 263 207 882 267; baseline 0.002 -2"><span class='ocrx_word' id='word_1_1' title='bbox 263 211 299 265; x_wconf 79' lang='lat' dir='ltr'>ot</span> <span class='ocrx_word' id='word_1_2' title='bbox 567 207 803 266; x_wconf 70' lang='lat' dir='ltr'>oacrio</span> <span class='ocrx_word' id='word_1_3' title='bbox 845 209 882 267; x_wconf 87' lang='lat'>11.</span> 
     </span>
    </p>
   </div>
   <div class='ocr_carea' id='block_1_2' title="bbox 115 383 1233 3724">
    <p class='ocr_par' dir='ltr' id='par_1_2' title="bbox 260 383 1233 1302">
     <span class='ocr_line' id='line_1_2' title="bbox 262 383 1233 464; baseline 0.006 -17"><span class='ocrx_word' id='word_1_4' title='bbox 262 385 404 448; x_wconf 85' lang='lat' dir='ltr'>miseram</span> <span class='ocrx_word' id='word_1_5' title='bbox 422 399 484 446; x_wconf 90' lang='lat' dir='ltr'>non</span> <span class='ocrx_word' id='word_1_6' title='bbox 500 383 591 446; x_wconf 89' lang='lat' dir='ltr'>modo</span> <span class='ocrx_word' id='word_1_7' title='bbox 607 383 860 464; x_wconf 81' lang='lat' dir='ltr'>administrande,</span> <span class='ocrx_word' id='word_1_8' title='bbox 881 401 987 448; x_wconf 85' lang='lat' dir='ltr'>verum</span> <span class='ocrx_word' id='word_1_9' title='bbox 1004 385 1093 448; x_wconf 91' lang='lat' dir='ltr'>etiam</span> <span class='ocrx_word' id='word_1_10' title='bbox 1107 403 1176 449; x_wconf 90' lang='lat' dir='ltr'>con·</span> <span class='ocrx_word' id='word_1_11' title='bbox 1232 406 1233 453; x_wconf 69' lang='lat' dir='ltr'>t</span> 
     </span>
     <span class='ocr_line' id='line_1_3' title="bbox 261 467 1176 549; baseline -0.002 -15"><span class='ocrx_word' id='word_1_12' title='bbox 261 468 418 534; x_wconf 79' lang='lat' dir='ltr'>servande</span> <span class='ocrx_word' id='word_1_13' title='bbox 439 469 485 530; x_wconf 88' lang='lat' dir='ltr'>rei</span> <span class='ocrx_word' id='word_1_14' title='bbox 510 467 655 549; x_wconf 81' lang='lat' dir='ltr'>publicet</span> <span class='ocrx_word' id='word_1_15' title='bbox 677 468 763 532; x_wconf 89' lang='lat' dir='ltr'>Nunc</span> <span class='ocrx_word' id='word_1_16' title='bbox 783 471 809 532; x_wconf 92' lang='lat' dir='ltr'>si</span> <span class='ocrx_word' id='word_1_17' title='bbox 826 470 859 530; x_wconf 90' lang='lat' dir='ltr'>L.</span> <span class='ocrx_word' id='word_1_18' title='bbox 873 468 1012 549; x_wconf 79' lang='lat' dir='ltr'>Catilina,</span> <span class='ocrx_word' id='word_1_19' title='bbox 1034 472 1176 548; x_wconf 89' lang='lat' dir='ltr'>consiliis,</span> 
     </span>
     <span class='ocr_line' id='line_1_4' title="bbox 262 551 1233 632; baseline -0.001 -15"><span class='ocrx_word' id='word_1_20' title='bbox 262 553 427 627; x_wconf 79' lang='lat' dir='ltr'>laboribus,</span> <span class='ocrx_word' id='word_1_21' title='bbox 450 551 595 632; x_wconf 87' lang='lat' dir='ltr'>periculis</span> <span class='ocrx_word' id='word_1_22' title='bbox 612 555 687 614; x_wconf 87' lang='lat' dir='ltr'>meis</span> <span class='ocrx_word' id='word_1_23' title='bbox 709 554 925 616; x_wconf 88' lang='lat' dir='ltr'>circumclusus</span> <span class='ocrx_word' id='word_1_24' title='bbox 945 571 982 615; x_wconf 88' lang='lat' dir='ltr'>ao</span> <span class='ocrx_word' id='word_1_25' title='bbox 1002 554 1177 630; x_wconf 76' lang='lat' dir='ltr'><strong>debilitatus,</strong></span> <span class='ocrx_word' id='word_1_26' title='bbox 1232 562 1233 575; x_wconf 66' lang='lat'><em>³</em></span> 
     </span>
     <span class='ocr_line' id='line_1_5' title="bbox 262 636 1178 717; baseline -0.004 -15"><span class='ocrx_word' id='word_1_27' title='bbox 262 639 362 702; x_wconf 87' lang='lat' dir='ltr'>subito</span> <span class='ocrx_word' id='word_1_28' title='bbox 385 636 584 717; x_wconf 81' lang='lat' dir='ltr'>pertimuerit,</span> <span class='ocrx_word' id='word_1_29' title='bbox 606 636 793 698; x_wconf 80' lang='lat' dir='ltr'>&#39;sententiam</span> <span class='ocrx_word' id='word_1_30' title='bbox 815 637 983 713; x_wconf 87' lang='lat' dir='ltr'>mutaverit,</span> <span class='ocrx_word' id='word_1_31' title='bbox 1014 637 1178 699; x_wconf 81' lang='lat' dir='ltr'>deseruerit</span> 
     </span>
     <span class='ocr_line' id='line_1_6' title="bbox 261 718 1179 798; baseline -0.002 -14"><span class='ocrx_word' id='word_1_32' title='bbox 261 737 353 796; x_wconf 90' lang='lat' dir='ltr'>suos,</span> <span class='ocrx_word' id='word_1_33' title='bbox 396 718 556 780; x_wconf 89' lang='lat' dir='ltr'>consilium</span> <span class='ocrx_word' id='word_1_34' title='bbox 586 719 659 780; x_wconf 89' lang='lat' dir='ltr'>helli</span> <span class='ocrx_word' id='word_1_35' title='bbox 691 719 824 782; x_wconf 85' lang='lat' dir='ltr'>faciundi</span> <span class='ocrx_word' id='word_1_36' title='bbox 853 720 1013 798; x_wconf 88' lang='lat' dir='ltr'>abiecerit,</span> <span class='ocrx_word' id='word_1_37' title='bbox 1057 739 1099 782; x_wconf 89' lang='lat' dir='ltr'>ex</span> <span class='ocrx_word' id='word_1_38' title='bbox 1128 721 1179 782; x_wconf 87' lang='lat' dir='ltr'>hoo</span> 
     </span>
     <span class='ocr_line' id='line_1_7' title="bbox 262 802 1178 886; baseline -0.002 -20"><span class='ocrx_word' id='word_1_39' title='bbox 262 821 353 868; x_wconf 90' lang='lat' dir='ltr'>eursu</span> <span class='ocrx_word' id='word_1_40' title='bbox 372 802 497 864; x_wconf 88' lang='lat' dir='ltr'>sceleris</span> <span class='ocrx_word' id='word_1_41' title='bbox 524 809 555 864; x_wconf 90' lang='lat' dir='ltr'>et</span> <span class='ocrx_word' id='word_1_42' title='bbox 575 802 647 865; x_wconf 90' lang='lat' dir='ltr'>belli</span> <span class='ocrx_word' id='word_1_43' title='bbox 667 802 725 864; x_wconf 88' lang='lat' dir='ltr'>iter</span> <span class='ocrx_word' id='word_1_44' title='bbox 747 803 783 866; x_wconf 90' lang='lat' dir='ltr'>ad</span> <span class='ocrx_word' id='word_1_45' title='bbox 806 803 907 886; x_wconf 83' lang='lat' dir='ltr'>lugam</span> <span class='ocrx_word' id='word_1_46' title='bbox 933 810 1023 885; x_wconf 88' lang='lat' dir='ltr'>atque</span> <span class='ocrx_word' id='word_1_47' title='bbox 1044 805 1076 866; x_wconf 89' lang='lat' dir='ltr'>in</span> <span class='ocrx_word' id='word_1_48' title='bbox 1102 805 1178 865; x_wconf 87' lang='lat' dir='ltr'>exsi-</span> 
     </span>
     <span class='ocr_line' id='line_1_8' title="bbox 262 886 1180 968; baseline 0.002 -22"><span class='ocrx_word' id='word_1_49' title='bbox 262 890 335 964; x_wconf 89' lang='lat' dir='ltr'>lium</span> <span class='ocrx_word' id='word_1_50' title='bbox 357 887 549 960; x_wconf 89' lang='lat' dir='ltr'>converterit,</span> <span class='ocrx_word' id='word_1_51' title='bbox 570 904 631 947; x_wconf 90' lang='lat' dir='ltr'>nou</span> <span class='ocrx_word' id='word_1_52' title='bbox 658 886 708 948; x_wconf 89' lang='lat' dir='ltr'>ille</span> <span class='ocrx_word' id='word_1_53' title='bbox 731 903 748 948; x_wconf 88' lang='lat' dir='ltr'>a</span> <span class='ocrx_word' id='word_1_54' title='bbox 772 905 821 948; x_wconf 90' lang='lat' dir='ltr'>me</span> <span class='ocrx_word' id='word_1_55' title='bbox 843 887 990 968; x_wconf 89' lang='lat' dir='ltr'>spoliatus</span> <span class='ocrx_word' id='word_1_56' title='bbox 1015 887 1109 950; x_wconf 90' lang='lat' dir='ltr'>armis</span> <span class='ocrx_word' id='word_1_57' title='bbox 1131 905 1180 948; x_wconf 90' lang='lat' dir='ltr'>au-</span> 
     </span>
     <span class='ocr_line' id='line_1_9' title="bbox 262 969 1180 1054; baseline -0.003 -20"><span class='ocrx_word' id='word_1_58' title='bbox 262 971 366 1047; x_wconf 76' lang='lat' dir='ltr'>daciae,</span> <span class='ocrx_word' id='word_1_59' title='bbox 388 987 448 1031; x_wconf 91' lang='lat' dir='ltr'>non</span> <span class='ocrx_word' id='word_1_60' title='bbox 469 969 694 1051; x_wconf 70' lang='lat' dir='ltr'>obstupefactus</span> <span class='ocrx_word' id='word_1_61' title='bbox 716 987 752 1033; x_wconf 88' lang='lat' dir='ltr'>ac</span> <span class='ocrx_word' id='word_1_62' title='bbox 771 973 949 1051; x_wconf 89' lang='lat' dir='ltr'>perterritus</span> <span class='ocrx_word' id='word_1_63' title='bbox 968 971 1180 1054; x_wconf 80' lang='lat' dir='ltr'>meadiligen-</span> 
     </span>
     <span class='ocr_line' id='line_1_10' title="bbox 261 1049 1179 1135; baseline -0.004 -18"><span class='ocrx_word' id='word_1_64' title='bbox 261 1056 313 1131; x_wconf 85' lang='lat' dir='ltr'>tia,</span> <span class='ocrx_word' id='word_1_65' title='bbox 336 1049 398 1115; x_wconf 88' lang='lat' dir='ltr'>nori</span> <span class='ocrx_word' id='word_1_66' title='bbox 420 1053 458 1115; x_wconf 95' lang='lat' dir='ltr'>de</span> <span class='ocrx_word' id='word_1_67' title='bbox 474 1071 529 1135; x_wconf 90' lang='lat' dir='ltr'>spe</span> <span class='ocrx_word' id='word_1_68' title='bbox 550 1059 720 1133; x_wconf 88' lang='lat' dir='ltr'>conatuque</span> <span class='ocrx_word' id='word_1_69' title='bbox 735 1054 890 1135; x_wconf 86' lang='lat' dir='ltr'>depulsus,</span> <span class='ocrx_word' id='word_1_70' title='bbox 912 1053 967 1116; x_wconf 91' lang='lat' dir='ltr'>sed</span> <span class='ocrx_word' id='word_1_71' title='bbox 985 1053 1179 1129; x_wconf 87' lang='lat' dir='ltr'>indemnatus,</span> 
     </span>
     <span class='ocr_line' id='line_1_11' title="bbox 260 1136 1180 1202; baseline -0.005 0"><span class='ocrx_word' id='word_1_72' title='bbox 260 1141 409 1202; x_wconf 89' lang='lat' dir='ltr'>innocens</span> <span class='ocrx_word' id='word_1_73' title='bbox 433 1138 464 1199; x_wconf 90' lang='lat' dir='ltr'>in</span> <span class='ocrx_word' id='word_1_74' title='bbox 484 1136 626 1198; x_wconf 85' lang='lat' dir='ltr'>exsilium</span> <span class='ocrx_word' id='word_1_75' title='bbox 649 1138 765 1200; x_wconf 90' lang='lat' dir='ltr'>eiectus</span> <span class='ocrx_word' id='word_1_76' title='bbox 787 1156 804 1199; x_wconf 90' lang='lat' dir='ltr'>a</span> <span class='ocrx_word' id='word_1_77' title='bbox 826 1137 952 1200; x_wconf 89' lang='lat' dir='ltr'>consule</span> <span class='ocrx_word' id='word_1_78' title='bbox 983 1138 1012 1199; x_wconf 85' lang='lat' dir='ltr'>vi</span> <span class='ocrx_word' id='word_1_79' title='bbox 1042 1144 1074 1200; x_wconf 89' lang='lat' dir='ltr'>et</span> <span class='ocrx_word' id='word_1_80' title='bbox 1100 1137 1180 1200; x_wconf 90' lang='lat' dir='ltr'>minis</span> 
     </span>
     <span class='ocr_line' id='line_1_12' title="bbox 262 1219 1180 1302; baseline -0.004 -17"><span class='ocrx_word' id='word_1_81' title='bbox 262 1239 332 1285; x_wconf 90' lang='lat' dir='ltr'>esse</span> <span class='ocrx_word' id='word_1_82' title='bbox 356 1220 488 1297; x_wconf 87' lang='lat' dir='ltr'>dicetur,</span> <span class='ocrx_word' id='word_1_83' title='bbox 522 1226 552 1282; x_wconf 89' lang='lat' dir='ltr'>et</span> <span class='ocrx_word' id='word_1_84' title='bbox 580 1225 688 1296; x_wconf 72' lang='lat' dir='ltr'>erunt,</span> <span class='ocrx_word' id='word_1_85' title='bbox 718 1221 769 1302; x_wconf 92' lang='lat' dir='ltr'>qui</span> <span class='ocrx_word' id='word_1_86' title='bbox 792 1221 892 1299; x_wconf 92' lang='lat' dir='ltr'>illum,</span> <span class='ocrx_word' id='word_1_87' title='bbox 924 1221 952 1283; x_wconf 90' lang='lat' dir='ltr'>si</span> <span class='ocrx_word' id='word_1_88' title='bbox 980 1221 1040 1283; x_wconf 91' lang='lat' dir='ltr'>hoc</span> <span class='ocrx_word' id='word_1_89' title='bbox 1069 1219 1180 1297; x_wconf 83' lang='lat' dir='ltr'>iecerit,</span> 
     </span>
    </p>

    <p class='ocr_par' dir='ltr' id='par_1_3' title="bbox 172 1302 1181 1469">
     <span class='ocr_line' id='line_1_13' title="bbox 172 1302 1180 1387; baseline -0.002 -19"><span class='ocrx_word' id='word_1_90' title='bbox 172 1329 175 1338; x_wconf 61' lang='lat'><strong>¹</strong></span> <span class='ocrx_word' id='word_1_91' title='bbox 261 1323 324 1368; x_wconf 91' lang='lat' dir='ltr'>non</span> <span class='ocrx_word' id='word_1_92' title='bbox 345 1304 536 1385; x_wconf 91' lang='lat' dir='ltr'>improbum,</span> <span class='ocrx_word' id='word_1_93' title='bbox 563 1302 618 1366; x_wconf 92' lang='lat' dir='ltr'>sed</span> <span class='ocrx_word' id='word_1_94' title='bbox 640 1304 803 1380; x_wconf 88' lang='lat' dir='ltr'>miserum,</span> <span class='ocrx_word' id='word_1_95' title='bbox 832 1323 879 1366; x_wconf 91' lang='lat' dir='ltr'>me</span> <span class='ocrx_word' id='word_1_96' title='bbox 900 1321 963 1366; x_wconf 89' lang='lat' dir='ltr'>nou</span> <span class='ocrx_word' id='word_1_97' title='bbox 985 1305 1180 1387; x_wconf 85' lang='lat' dir='ltr'>diligentissi-</span> 
     </span>
     <span class='ocr_line' id='line_1_14' title="bbox 262 1387 1181 1469; baseline -0.002 -19"><span class='ocrx_word' id='word_1_98' title='bbox 262 1406 342 1450; x_wconf 91' lang='lat' dir='ltr'>mum</span> <span class='ocrx_word' id='word_1_99' title='bbox 367 1387 534 1460; x_wconf 90' lang='lat' dir='ltr'>consulem,</span> <span class='ocrx_word' id='word_1_100' title='bbox 558 1387 612 1450; x_wconf 89' lang='lat' dir='ltr'>sed</span> <span class='ocrx_word' id='word_1_101' title='bbox 637 1387 876 1451; x_wconf 89' lang='lat' dir='ltr'>crudelissimum</span> <span class='ocrx_word' id='word_1_102' title='bbox 897 1393 1055 1469; x_wconf 86' lang='lat' dir='ltr'>tyrannum</span> <span class='ocrx_word' id='word_1_103' title='bbox 1077 1387 1181 1450; x_wconf 82' lang='lat' dir='ltr'>&#39;existi-</span> 
     </span>
    </p>

    <p class='ocr_par' dir='ltr' id='par_1_4' title="bbox 124 1470 1182 1720">
     <span class='ocr_line' id='line_1_15' title="bbox 124 1470 1181 1548; baseline -0.003 -14"><span class='ocrx_word' id='word_1_104' title='bbox 124 1511 125 1520; x_wconf 26' lang='grc' dir='ltr'><strong>κ</strong></span> <span class='ocrx_word' id='word_1_105' title='bbox 218 1471 338 1534; x_wconf 78' lang='lat' dir='ltr'>temari</span> <span class='ocrx_word' id='word_1_106' title='bbox 360 1472 462 1534; x_wconf 89' lang='lat' dir='ltr'>velint.</span> <span class='ocrx_word' id='word_1_107' title='bbox 505 1470 558 1532; x_wconf 86' lang='lat' dir='ltr'>Est</span> <span class='ocrx_word' id='word_1_108' title='bbox 580 1470 652 1532; x_wconf 92' lang='lat' dir='ltr'>mihi</span> <span class='ocrx_word' id='word_1_109' title='bbox 674 1473 758 1547; x_wconf 89' lang='lat' dir='ltr'>tanti,</span> <span class='ocrx_word' id='word_1_110' title='bbox 784 1471 926 1548; x_wconf 80' lang='lat' dir='ltr'>Quirites,</span> <span class='ocrx_word' id='word_1_111' title='bbox 956 1471 1046 1534; x_wconf 91' lang='lat' dir='ltr'>huius</span> <span class='ocrx_word' id='word_1_112' title='bbox 1069 1471 1181 1548; x_wconf 80' lang='lat' dir='ltr'>invidie</span> 
     </span>
     <span class='ocr_line' id='line_1_16' title="bbox 263 1555 1181 1636; baseline -0.004 -18"><span class='ocrx_word' id='word_1_113' title='bbox 263 1555 348 1618; x_wconf 84' lang='lat' dir='ltr'>lalsae</span> <span class='ocrx_word' id='word_1_114' title='bbox 372 1561 461 1636; x_wconf 89' lang='lat' dir='ltr'>atque</span> <span class='ocrx_word' id='word_1_115' title='bbox 483 1555 593 1634; x_wconf 84' lang='lat' dir='ltr'>iniquae</span> <span class='ocrx_word' id='word_1_116' title='bbox 610 1559 816 1635; x_wconf 86' lang='lat' dir='ltr'>tempestatem</span> <span class='ocrx_word' id='word_1_117' title='bbox 837 1555 956 1633; x_wconf 83' lang='lat' dir='ltr'>subire,</span> <span class='ocrx_word' id='word_1_118' title='bbox 986 1556 1181 1618; x_wconf 91' lang='lat' dir='ltr'>dummodoa</span> 
     </span>
     <span class='ocr_line' id='line_1_17' title="bbox 262 1628 1182 1720; baseline -0.004 -18"><span class='ocrx_word' id='word_1_119' title='bbox 262 1640 349 1702; x_wconf 86' lang='lat' dir='ltr'>vobis</span> <span class='ocrx_word' id='word_1_120' title='bbox 374 1639 464 1702; x_wconf 89' lang='lat' dir='ltr'>huius</span> <span class='ocrx_word' id='word_1_121' title='bbox 483 1628 640 1700; x_wconf 85' lang='lat' dir='ltr'>horribilis</span> <span class='ocrx_word' id='word_1_122' title='bbox 663 1638 736 1700; x_wconf 88' lang='lat' dir='ltr'>belli</span> <span class='ocrx_word' id='word_1_123' title='bbox 759 1655 795 1700; x_wconf 90' lang='lat' dir='ltr'>ac</span> <span class='ocrx_word' id='word_1_124' title='bbox 815 1637 925 1700; x_wconf 82' lang='lat' dir='ltr'>nefarii</span> <span class='ocrx_word' id='word_1_125' title='bbox 947 1640 1119 1720; x_wconf 88' lang='lat' dir='ltr'>periculum</span> <span class='ocrx_word' id='word_1_126' title='bbox 1132 1637 1182 1700; x_wconf 92' lang='lat' dir='ltr'>de-</span> 
     </span>
    </p>

    <p class='ocr_par' dir='ltr' id='par_1_5' title="bbox 227 1720 1182 2050">
     <span class='ocr_line' id='line_1_18' title="bbox 227 1720 1180 1806; baseline -0.002 -23"><span class='ocrx_word' id='word_1_127' title='bbox 227 1723 228 1728; x_wconf 75' lang='grc'>’</span> <span class='ocrx_word' id='word_1_128' title='bbox 262 1722 403 1806; x_wconf 90' lang='lat' dir='ltr'>pellatur.</span> <span class='ocrx_word' id='word_1_129' title='bbox 453 1720 577 1784; x_wconf 80' lang='lat' dir='ltr'>Dicatur</span> <span class='ocrx_word' id='word_1_130' title='bbox 598 1741 672 1784; x_wconf 86' lang='lat' dir='ltr'>sane</span> <span class='ocrx_word' id='word_1_131' title='bbox 688 1723 803 1784; x_wconf 89' lang='lat' dir='ltr'>eiectus</span> <span class='ocrx_word' id='word_1_132' title='bbox 819 1726 888 1784; x_wconf 86' lang='lat' dir='ltr'>&#39;esse</span> <span class='ocrx_word' id='word_1_133' title='bbox 907 1741 923 1784; x_wconf 90' lang='lat' dir='ltr'>a</span> <span class='ocrx_word' id='word_1_134' title='bbox 942 1741 1001 1800; x_wconf 90' lang='lat' dir='ltr'>me,</span> <span class='ocrx_word' id='word_1_135' title='bbox 1026 1721 1180 1784; x_wconf 90' lang='lat' dir='ltr'>dummodo</span> 
     </span>
     <span class='ocr_line' id='line_1_19' title="bbox 263 1803 1181 1883; baseline -0.004 -15"><span class='ocrx_word' id='word_1_136' title='bbox 263 1813 313 1868; x_wconf 90' lang='lat' dir='ltr'>eat</span> <span class='ocrx_word' id='word_1_137' title='bbox 337 1807 367 1867; x_wconf 93' lang='lat' dir='ltr'>in</span> <span class='ocrx_word' id='word_1_138' title='bbox 392 1805 541 1866; x_wconf 82' lang='lat' dir='ltr'>exsilium.</span> <span class='ocrx_word' id='word_1_139' title='bbox 590 1803 650 1869; x_wconf 86' lang='lat' dir='ltr'>Sed</span> <span class='ocrx_word' id='word_1_140' title='bbox 673 1806 744 1868; x_wconf 88' lang='lat' dir='ltr'>milri</span> <span class='ocrx_word' id='word_1_141' title='bbox 767 1805 899 1883; x_wconf 88' lang='lat' dir='ltr'>credite,</span> <span class='ocrx_word' id='word_1_142' title='bbox 928 1810 1059 1868; x_wconf 88' lang='lat' dir='ltr'>nonest</span> <span class='ocrx_word' id='word_1_143' title='bbox 1087 1808 1181 1868; x_wconf 90' lang='lat' dir='ltr'>iturus.</span> 
     </span>
     <span class='ocr_line' id='line_1_20' title="bbox 231 1888 1181 1970; baseline -0.004 -17"><span class='ocrx_word' id='word_1_144' title='bbox 231 1953 232 1958; x_wconf 69' lang='grc'>,</span> <span class='ocrx_word' id='word_1_145' title='bbox 262 1889 429 1970; x_wconf 85' lang='lat' dir='ltr'>Numquam</span> <span class='ocrx_word' id='word_1_146' title='bbox 451 1903 510 1970; x_wconf 77' lang='lat' dir='ltr'>ego</span> <span class='ocrx_word' id='word_1_147' title='bbox 531 1907 547 1950; x_wconf 89' lang='lat' dir='ltr'>a</span> <span class='ocrx_word' id='word_1_148' title='bbox 572 1888 629 1950; x_wconf 90' lang='lat' dir='ltr'>diis</span> <span class='ocrx_word' id='word_1_149' title='bbox 652 1889 870 1952; x_wconf 88' lang='lat' dir='ltr'>immortalibus</span> <span class='ocrx_word' id='word_1_150' title='bbox 891 1890 1012 1970; x_wconf 89' lang='lat' dir='ltr'>optabo,</span> <span class='ocrx_word' id='word_1_151' title='bbox 1043 1889 1181 1963; x_wconf 83' lang='lat' dir='ltr'>Quirites,</span> 
     </span>
     <span class='ocr_line' id='line_1_21' title="bbox 263 1971 1182 2050; baseline -0.005 -14"><span class='ocrx_word' id='word_1_152' title='bbox 263 1972 384 2036; x_wconf 77' lang='lat' dir='ltr'>invidie</span> <span class='ocrx_word' id='word_1_153' title='bbox 405 1989 483 2033; x_wconf 82' lang='lat' dir='ltr'>meae</span> <span class='ocrx_word' id='word_1_154' title='bbox 501 1971 636 2034; x_wconf 78' lang='lat' dir='ltr'>leuandae</span> <span class='ocrx_word' id='word_1_155' title='bbox 657 1990 758 2050; x_wconf 91' lang='lat' dir='ltr'>causa,</span> <span class='ocrx_word' id='word_1_156' title='bbox 786 1979 819 2034; x_wconf 91' lang='lat' dir='ltr'>ut</span> <span class='ocrx_word' id='word_1_157' title='bbox 840 1971 872 2034; x_wconf 88' lang='lat' dir='ltr'>L.</span> <span class='ocrx_word' id='word_1_158' title='bbox 896 1971 1054 2034; x_wconf 85' lang='lat' dir='ltr'>Catilinam</span> <span class='ocrx_word' id='word_1_159' title='bbox 1077 1975 1182 2036; x_wconf 91' lang='lat' dir='ltr'>ducere</span> 
     </span>
    </p>

    <p class='ocr_par' dir='ltr' id='par_1_6' title="bbox 175 2055 1182 2137">
     <span class='ocr_line' id='line_1_22' title="bbox 175 2055 1182 2137; baseline -0.004 -18"><span class='ocrx_word' id='word_1_160' title='bbox 175 2085 178 2098; x_wconf 52' lang='lat' dir='ltr'>v</span> <span class='ocrx_word' id='word_1_161' title='bbox 264 2057 429 2134; x_wconf 84' lang='lat' dir='ltr'>exercitum</span> <span class='ocrx_word' id='word_1_162' title='bbox 454 2055 585 2117; x_wconf 85' lang='lat' dir='ltr'>hostium</span> <span class='ocrx_word' id='word_1_163' title='bbox 607 2061 695 2137; x_wconf 89' lang='lat' dir='ltr'>atque</span> <span class='ocrx_word' id='word_1_164' title='bbox 717 2057 748 2118; x_wconf 91' lang='lat' dir='ltr'>in</span> <span class='ocrx_word' id='word_1_165' title='bbox 779 2057 870 2118; x_wconf 85' lang='lat' dir='ltr'>anuis</span> <span class='ocrx_word' id='word_1_166' title='bbox 892 2057 1018 2119; x_wconf 89' lang='lat' dir='ltr'>volitare</span> <span class='ocrx_word' id='word_1_167' title='bbox 1043 2055 1182 2128; x_wconf 89' lang='lat' dir='ltr'>audiatis;</span> 
     </span>
    </p>

    <p class='ocr_par' dir='ltr' id='par_1_7' title="bbox 166 2135 1183 2223">
     <span class='ocr_line' id='line_1_23' title="bbox 166 2135 1183 2223; baseline -0.002 -21"><span class='ocrx_word' id='word_1_168' title='bbox 166 2157 174 2171; x_wconf 79' lang='grc'><strong>’</strong></span> <span class='ocrx_word' id='word_1_169' title='bbox 265 2139 320 2203; x_wconf 88' lang='lat' dir='ltr'>scd</span> <span class='ocrx_word' id='word_1_170' title='bbox 352 2139 451 2201; x_wconf 90' lang='lat' dir='ltr'>triduo</span> <span class='ocrx_word' id='word_1_171' title='bbox 483 2143 582 2201; x_wconf 76' lang='lat' dir='ltr'>minen</span> <span class='ocrx_word' id='word_1_172' title='bbox 615 2135 761 2216; x_wconf 81' lang='lat' dir='ltr'>audiatis;</span> <span class='ocrx_word' id='word_1_173' title='bbox 802 2139 957 2221; x_wconf 88' lang='lat' dir='ltr'>multoque</span> <span class='ocrx_word' id='word_1_174' title='bbox 985 2141 1085 2223; x_wconf 79' lang='lat' dir='ltr'>magis</span> <span class='ocrx_word' id='word_1_175' title='bbox 1117 2135 1183 2202; x_wconf 89' lang='lat' dir='ltr'>illud</span> 
     </span>
    </p>

    <p class='ocr_par' dir='ltr' id='par_1_8' title="bbox 115 2222 1182 2554">
     <span class='ocr_line' id='line_1_24' title="bbox 115 2222 1182 2305; baseline -0.002 -21"><span class='ocrx_word' id='word_1_176' title='bbox 115 2223 117 2232; x_wconf 79' lang='lat'>&#39;</span> <span class='ocrx_word' id='word_1_177' title='bbox 193 2287 197 2304; x_wconf 65' lang='lat'>,</span> <span class='ocrx_word' id='word_1_178' title='bbox 265 2226 367 2299; x_wconf 87' lang='lat' dir='ltr'>timeo,</span> <span class='ocrx_word' id='word_1_179' title='bbox 389 2237 428 2283; x_wconf 89' lang='lat' dir='ltr'>ne</span> <span class='ocrx_word' id='word_1_180' title='bbox 449 2223 521 2284; x_wconf 85' lang='lat' dir='ltr'>milii</span> <span class='ocrx_word' id='word_1_181' title='bbox 543 2223 581 2284; x_wconf 92' lang='lat' dir='ltr'>sit</span> <span class='ocrx_word' id='word_1_182' title='bbox 602 2222 782 2286; x_wconf 88' lang='lat' dir='ltr'>invidiosum</span> <span class='ocrx_word' id='word_1_183' title='bbox 805 2224 977 2304; x_wconf 89' lang='lat' dir='ltr'>aliquando,</span> <span class='ocrx_word' id='word_1_184' title='bbox 999 2224 1082 2305; x_wconf 89' lang='lat' dir='ltr'>quod</span> <span class='ocrx_word' id='word_1_185' title='bbox 1107 2224 1182 2285; x_wconf 92' lang='lat' dir='ltr'>illum</span> 
     </span>
     <span class='ocr_line' id='line_1_25' title="bbox 265 2305 1182 2388; baseline -0.001 -21"><span class='ocrx_word' id='word_1_186' title='bbox 265 2305 436 2382; x_wconf 87' lang='lat' dir='ltr'>emiserim,</span> <span class='ocrx_word' id='word_1_187' title='bbox 465 2305 566 2386; x_wconf 91' lang='lat' dir='ltr'>potius</span> <span class='ocrx_word' id='word_1_188' title='bbox 591 2323 679 2386; x_wconf 91' lang='lat' dir='ltr'>quam</span> <span class='ocrx_word' id='word_1_189' title='bbox 702 2306 784 2387; x_wconf 91' lang='lat' dir='ltr'>quod</span> <span class='ocrx_word' id='word_1_190' title='bbox 806 2307 958 2369; x_wconf 90' lang='lat' dir='ltr'>eiecerim.</span> <span class='ocrx_word' id='word_1_191' title='bbox 1015 2305 1075 2370; x_wconf 88' lang='lat' dir='ltr'>Sed</span> <span class='ocrx_word' id='word_1_192' title='bbox 1099 2321 1182 2388; x_wconf 91' lang='lat' dir='ltr'>quum</span> 
     </span>
     <span class='ocr_line' id='line_1_26' title="bbox 265 2389 1182 2471; baseline -0.004 -18"><span class='ocrx_word' id='word_1_193' title='bbox 265 2390 325 2453; x_wconf 89' lang='lat' dir='ltr'>sint</span> <span class='ocrx_word' id='word_1_194' title='bbox 346 2389 503 2465; x_wconf 80' lang='lat' dir='ltr'>homines,</span> <span class='ocrx_word' id='word_1_195' title='bbox 521 2389 573 2469; x_wconf 93' lang='lat' dir='ltr'>qui</span> <span class='ocrx_word' id='word_1_196' title='bbox 597 2389 690 2466; x_wconf 91' lang='lat' dir='ltr'>illum,</span> <span class='ocrx_word' id='word_1_197' title='bbox 712 2408 802 2470; x_wconf 91' lang='lat' dir='ltr'>quum</span> <span class='ocrx_word' id='word_1_198' title='bbox 824 2389 977 2471; x_wconf 85' lang='lat' dir='ltr'>proiectus</span> <span class='ocrx_word' id='word_1_199' title='bbox 991 2391 1039 2465; x_wconf 90' lang='lat' dir='ltr'>sit,</span> <span class='ocrx_word' id='word_1_200' title='bbox 1059 2391 1182 2453; x_wconf 89' lang='lat' dir='ltr'>eiectum</span> 
     </span>
     <span class='ocr_line' id='line_1_27' title="bbox 266 2471 1181 2554; baseline -0.004 -19"><span class='ocrx_word' id='word_1_201' title='bbox 266 2490 337 2535; x_wconf 89' lang='lat' dir='ltr'>esse</span> <span class='ocrx_word' id='word_1_202' title='bbox 354 2473 463 2549; x_wconf 83' lang='lat' dir='ltr'>dicant,</span> <span class='ocrx_word' id='word_1_203' title='bbox 486 2472 587 2548; x_wconf 89' lang='lat' dir='ltr'>iidem,</span> <span class='ocrx_word' id='word_1_204' title='bbox 608 2473 634 2534; x_wconf 89' lang='lat' dir='ltr'>si</span> <span class='ocrx_word' id='word_1_205' title='bbox 646 2474 820 2536; x_wconf 85' lang='lat' dir='ltr'>interfectus</span> <span class='ocrx_word' id='word_1_206' title='bbox 833 2479 923 2549; x_wconf 87' lang='lat' dir='ltr'>esset,</span> <span class='ocrx_word' id='word_1_207' title='bbox 946 2475 1015 2554; x_wconf 92' lang='lat' dir='ltr'>quid</span> <span class='ocrx_word' id='word_1_208' title='bbox 1028 2471 1181 2536; x_wconf 75' lang='lat' dir='ltr'>dicerent?</span> 
     </span>
    </p>

    <p class='ocr_par' dir='ltr' id='par_1_9' title="bbox 220 2555 1183 3055">
     <span class='ocr_line' id='line_1_28' title="bbox 220 2555 1182 2637; baseline -0.001 -19"><span class='ocrx_word' id='word_1_209' title='bbox 220 2575 254 2624; x_wconf 88' lang='lat' dir='ltr'>lo</span> <span class='ocrx_word' id='word_1_210' title='bbox 267 2556 452 2637; x_wconf 83' lang='lat' dir='ltr'>Quamquam</span> <span class='ocrx_word' id='word_1_211' title='bbox 472 2557 533 2631; x_wconf 86' lang='lat' dir='ltr'>isti,</span> <span class='ocrx_word' id='word_1_212' title='bbox 556 2556 606 2636; x_wconf 93' lang='lat' dir='ltr'>qui</span> <span class='ocrx_word' id='word_1_213' title='bbox 626 2555 782 2618; x_wconf 85' lang='lat' dir='ltr'>Catilinam</span> <span class='ocrx_word' id='word_1_214' title='bbox 799 2555 961 2619; x_wconf 86' lang='lat' dir='ltr'>Massiliam</span> <span class='ocrx_word' id='word_1_215' title='bbox 978 2557 1024 2620; x_wconf 90' lang='lat' dir='ltr'>ire</span> <span class='ocrx_word' id='word_1_216' title='bbox 1045 2558 1182 2629; x_wconf 83' lang='lat' dir='ltr'>dictitant,</span> 
     </span>
     <span class='ocr_line' id='line_1_29' title="bbox 265 2639 1183 2722; baseline -0.003 -20"><span class='ocrx_word' id='word_1_217' title='bbox 265 2658 326 2702; x_wconf 91' lang='lat' dir='ltr'>non</span> <span class='ocrx_word' id='word_1_218' title='bbox 348 2646 406 2701; x_wconf 89' lang='lat' dir='ltr'>tam</span> <span class='ocrx_word' id='word_1_219' title='bbox 430 2639 491 2702; x_wconf 90' lang='lat' dir='ltr'>lroo</span> <span class='ocrx_word' id='word_1_220' title='bbox 523 2645 688 2720; x_wconf 89' lang='lat' dir='ltr'>queruntur</span> <span class='ocrx_word' id='word_1_221' title='bbox 716 2657 803 2722; x_wconf 90' lang='lat' dir='ltr'>quam</span> <span class='ocrx_word' id='word_1_222' title='bbox 826 2645 977 2702; x_wconf 89' lang='lat' dir='ltr'>verentur.</span> <span class='ocrx_word' id='word_1_223' title='bbox 1023 2639 1121 2703; x_wconf 90' lang='lat' dir='ltr'>Nemo</span> <span class='ocrx_word' id='word_1_224' title='bbox 1142 2643 1183 2700; x_wconf 89' lang='lat' dir='ltr'>est</span> 
     </span>
     <span class='ocr_line' id='line_1_30' title="bbox 265 2723 1182 2804; baseline -0.003 -18"><span class='ocrx_word' id='word_1_225' title='bbox 265 2725 389 2787; x_wconf 90' lang='lat' dir='ltr'>istorum</span> <span class='ocrx_word' id='word_1_226' title='bbox 411 2729 470 2784; x_wconf 90' lang='lat' dir='ltr'>tam</span> <span class='ocrx_word' id='word_1_227' title='bbox 492 2723 684 2800; x_wconf 88' lang='lat' dir='ltr'>misericors,</span> <span class='ocrx_word' id='word_1_228' title='bbox 719 2723 768 2804; x_wconf 90' lang='lat' dir='ltr'>qui</span> <span class='ocrx_word' id='word_1_229' title='bbox 800 2724 883 2786; x_wconf 93' lang='lat' dir='ltr'>illum</span> <span class='ocrx_word' id='word_1_230' title='bbox 914 2741 974 2785; x_wconf 89' lang='lat' dir='ltr'>uon</span> <span class='ocrx_word' id='word_1_231' title='bbox 997 2725 1034 2786; x_wconf 91' lang='lat' dir='ltr'>ad</span> <span class='ocrx_word' id='word_1_232' title='bbox 1055 2723 1182 2786; x_wconf 87' lang='lat' dir='ltr'>Mallium</span> 
     </span>
     <span class='ocr_line' id='line_1_31' title="bbox 265 2805 1183 2887; baseline 0 -20"><span class='ocrx_word' id='word_1_233' title='bbox 265 2823 354 2887; x_wconf 88' lang='lat' dir='ltr'>quam</span> <span class='ocrx_word' id='word_1_234' title='bbox 377 2806 416 2868; x_wconf 91' lang='lat' dir='ltr'>ad</span> <span class='ocrx_word' id='word_1_235' title='bbox 436 2805 641 2869; x_wconf 87' lang='lat' dir='ltr'>Massilienses</span> <span class='ocrx_word' id='word_1_236' title='bbox 663 2808 709 2868; x_wconf 94' lang='lat' dir='ltr'>ire</span> <span class='ocrx_word' id='word_1_237' title='bbox 730 2807 821 2869; x_wconf 91' lang='lat' dir='ltr'>malit.</span> <span class='ocrx_word' id='word_1_238' title='bbox 860 2807 914 2870; x_wconf 91' lang='lat' dir='ltr'>llle</span> <span class='ocrx_word' id='word_1_239' title='bbox 937 2815 1046 2884; x_wconf 89' lang='lat' dir='ltr'>autem,</span> <span class='ocrx_word' id='word_1_240' title='bbox 1072 2809 1100 2870; x_wconf 87' lang='lat' dir='ltr'>si</span> <span class='ocrx_word' id='word_1_241' title='bbox 1122 2825 1183 2870; x_wconf 85' lang='lat' dir='ltr'>me-</span> 
     </span>
     <span class='ocr_line' id='line_1_32' title="bbox 264 2887 1182 2976; baseline -0.003 -24"><span class='ocrx_word' id='word_1_242' title='bbox 264 2889 411 2952; x_wconf 89' lang='lat' dir='ltr'>hercule¹</span> <span class='ocrx_word' id='word_1_243' title='bbox 436 2889 505 2965; x_wconf 86' lang='lat' dir='ltr'>hoc,</span> <span class='ocrx_word' id='word_1_244' title='bbox 527 2887 608 2970; x_wconf 91' lang='lat' dir='ltr'>quod</span> <span class='ocrx_word' id='word_1_245' title='bbox 633 2892 705 2973; x_wconf 86' lang='lat' dir='ltr'>agit,</span> <span class='ocrx_word' id='word_1_246' title='bbox 736 2909 898 2976; x_wconf 84' lang='lat' dir='ltr'>numquam</span> <span class='ocrx_word' id='word_1_247' title='bbox 923 2897 991 2952; x_wconf 90' lang='lat' dir='ltr'>ante</span> <span class='ocrx_word' id='word_1_248' title='bbox 1013 2891 1182 2974; x_wconf 77' lang='lat' dir='ltr'>cogitasset,</span> 
     </span>
     <span class='ocr_line' id='line_1_33' title="bbox 264 2973 1182 3055; baseline -0.002 -19"><span class='ocrx_word' id='word_1_249' title='bbox 264 2979 364 3036; x_wconf 87' lang='lat' dir='ltr'>tamen</span> <span class='ocrx_word' id='word_1_250' title='bbox 383 2973 610 3037; x_wconf 87' lang='lat' dir='ltr'>latrocinantem</span> <span class='ocrx_word' id='word_1_251' title='bbox 635 2992 669 3036; x_wconf 91' lang='lat' dir='ltr'>se</span> <span class='ocrx_word' id='word_1_252' title='bbox 693 2973 818 3037; x_wconf 81' lang='lat' dir='ltr'>interfici</span> <span class='ocrx_word' id='word_1_253' title='bbox 843 2973 954 3047; x_wconf 84' lang='lat' dir='ltr'>mallet,</span> <span class='ocrx_word' id='word_1_254' title='bbox 979 2992 1068 3055; x_wconf 89' lang='lat' dir='ltr'>quam</span> <span class='ocrx_word' id='word_1_255' title='bbox 1094 2992 1182 3036; x_wconf 87' lang='lat' dir='ltr'>exsu-</span> 
     </span>
    </p>

    <p class='ocr_par' dir='ltr' id='par_1_10' title="bbox 196 3057 1182 3140">
     <span class='ocr_line' id='line_1_34' title="bbox 196 3057 1182 3140; baseline -0.003 -18"><span class='ocrx_word' id='word_1_256' title='bbox 196 3115 197 3122; x_wconf 74' lang='grc'>,</span> <span class='ocrx_word' id='word_1_257' title='bbox 265 3057 324 3120; x_wconf 92' lang='lat' dir='ltr'>lem</span> <span class='ocrx_word' id='word_1_258' title='bbox 345 3057 458 3119; x_wconf 88' lang='lat' dir='ltr'>vivere.</span> <span class='ocrx_word' id='word_1_259' title='bbox 504 3057 590 3118; x_wconf 91' lang='lat' dir='ltr'>Nunc</span> <span class='ocrx_word' id='word_1_260' title='bbox 614 3075 698 3136; x_wconf 89' lang='lat' dir='ltr'>vero,</span> <span class='ocrx_word' id='word_1_261' title='bbox 721 3057 864 3139; x_wconf 89' lang='lat' dir='ltr'>quumei</span> <span class='ocrx_word' id='word_1_262' title='bbox 887 3057 963 3120; x_wconf 90' lang='lat' dir='ltr'>nihil</span> <span class='ocrx_word' id='word_1_263' title='bbox 988 3057 1085 3120; x_wconf 87' lang='lat' dir='ltr'>adhuc</span> <span class='ocrx_word' id='word_1_264' title='bbox 1106 3075 1182 3140; x_wconf 81' lang='lat' dir='ltr'>pre-</span> 
     </span>
    </p>

    <p class='ocr_par' dir='ltr' id='par_1_11' title="bbox 221 3138 1181 3389">
     <span class='ocr_line' id='line_1_35' title="bbox 221 3138 1181 3224; baseline -0.003 -22"><span class='ocrx_word' id='word_1_265' title='bbox 221 3185 222 3189; x_wconf 65' lang='lat'>,</span> <span class='ocrx_word' id='word_1_266' title='bbox 263 3146 310 3202; x_wconf 87' lang='lat' dir='ltr'>ter</span> <span class='ocrx_word' id='word_1_267' title='bbox 331 3141 427 3221; x_wconf 91' lang='lat' dir='ltr'>ipsius</span> <span class='ocrx_word' id='word_1_268' title='bbox 450 3139 633 3201; x_wconf 87' lang='lat' dir='ltr'>voluntatem</span> <span class='ocrx_word' id='word_1_269' title='bbox 657 3143 931 3224; x_wconf 80' lang='lat' dir='ltr'>cogitationemque</span> <span class='ocrx_word' id='word_1_270' title='bbox 950 3141 1103 3217; x_wconf 86' lang='lat' dir='ltr'>acciderit,</span> <span class='ocrx_word' id='word_1_271' title='bbox 1130 3138 1181 3202; x_wconf 90' lang='lat' dir='ltr'>nisi</span> 
     </span>
     <span class='ocr_line' id='line_1_36' title="bbox 263 3223 1181 3310; baseline 0 -24"><span class='ocrx_word' id='word_1_272' title='bbox 263 3223 345 3304; x_wconf 94' lang='lat' dir='ltr'>quod</span> <span class='ocrx_word' id='word_1_273' title='bbox 363 3224 441 3285; x_wconf 77' lang='lat' dir='ltr'>uiuis</span> <span class='ocrx_word' id='word_1_274' title='bbox 457 3223 545 3284; x_wconf 90' lang='lat' dir='ltr'>uobis</span> <span class='ocrx_word' id='word_1_275' title='bbox 562 3223 656 3285; x_wconf 84' lang='lat' dir='ltr'>Roma</span> <span class='ocrx_word' id='word_1_276' title='bbox 672 3225 825 3310; x_wconf 86' lang='lat' dir='ltr'>profectus</span> <span class='ocrx_word' id='word_1_277' title='bbox 844 3231 900 3302; x_wconf 88' lang='lat' dir='ltr'>est,</span> <span class='ocrx_word' id='word_1_278' title='bbox 922 3223 1059 3306; x_wconf 83' lang='lat' dir='ltr'>optemus</span> <span class='ocrx_word' id='word_1_279' title='bbox 1075 3225 1181 3308; x_wconf 89' lang='lat' dir='ltr'>potius,</span> 
     </span>
     <span class='ocr_line' id='line_1_37' title="bbox 262 3308 893 3389; baseline -0.003 -18"><span class='ocrx_word' id='word_1_280' title='bbox 262 3313 295 3371; x_wconf 91' lang='lat' dir='ltr'>ut</span> <span class='ocrx_word' id='word_1_281' title='bbox 317 3313 366 3369; x_wconf 90' lang='lat' dir='ltr'>eat</span> <span class='ocrx_word' id='word_1_282' title='bbox 386 3308 417 3368; x_wconf 94' lang='lat' dir='ltr'>in</span> <span class='ocrx_word' id='word_1_283' title='bbox 440 3308 589 3381; x_wconf 85' lang='lat' dir='ltr'>exsilium,</span> <span class='ocrx_word' id='word_1_284' title='bbox 611 3324 698 3387; x_wconf 90' lang='lat' dir='ltr'>quam</span> <span class='ocrx_word' id='word_1_285' title='bbox 725 3325 893 3389; x_wconf 86' lang='lat' dir='ltr'>queramur.</span> 
     </span>
    </p>

    <p class='ocr_par' dir='ltr' id='par_1_12' title="bbox 177 3379 1182 3724">
     <span class='ocr_line' id='line_1_38' title="bbox 177 3379 1182 3471; baseline -0.003 -19"><span class='ocrx_word' id='word_1_286' title='bbox 177 3379 253 3455; x_wconf 73' lang='grc'>811</span> <span class='ocrx_word' id='word_1_287' title='bbox 356 3389 416 3453; x_wconf 82' lang='lat' dir='ltr'>Sed</span> <span class='ocrx_word' id='word_1_288' title='bbox 447 3407 501 3451; x_wconf 93' lang='lat' dir='ltr'>cur</span> <span class='ocrx_word' id='word_1_289' title='bbox 528 3389 639 3452; x_wconf 90' lang='lat' dir='ltr'>tamdiu</span> <span class='ocrx_word' id='word_1_290' title='bbox 669 3391 707 3452; x_wconf 90' lang='lat' dir='ltr'>de</span> <span class='ocrx_word' id='word_1_291' title='bbox 740 3410 801 3453; x_wconf 91' lang='lat' dir='ltr'>uno</span> <span class='ocrx_word' id='word_1_292' title='bbox 833 3391 921 3453; x_wconf 90' lang='lat' dir='ltr'>hoste</span> <span class='ocrx_word' id='word_1_293' title='bbox 950 3390 1119 3471; x_wconf 91' lang='lat' dir='ltr'>loquimur,</span> <span class='ocrx_word' id='word_1_294' title='bbox 1156 3392 1182 3450; x_wconf 88' lang='lat' dir='ltr'>et</span> 
     </span>
     <span class='ocr_line' id='line_1_39' title="bbox 265 3457 1181 3554; baseline -0.005 -18"><span class='ocrx_word' id='word_1_295' title='bbox 265 3474 303 3537; x_wconf 91' lang='lat' dir='ltr'>de</span> <span class='ocrx_word' id='word_1_296' title='bbox 333 3490 370 3535; x_wconf 90' lang='lat' dir='ltr'>eo</span> <span class='ocrx_word' id='word_1_297' title='bbox 401 3473 506 3551; x_wconf 90' lang='lat' dir='ltr'>hoste,</span> <span class='ocrx_word' id='word_1_298' title='bbox 539 3457 590 3554; x_wconf 88' lang='lat' dir='ltr'>qui</span> <span class='ocrx_word' id='word_1_299' title='bbox 622 3473 680 3536; x_wconf 93' lang='lat' dir='ltr'>iam</span> <span class='ocrx_word' id='word_1_300' title='bbox 705 3473 815 3538; x_wconf 78' lang='lat' dir='ltr'>fatetur</span> <span class='ocrx_word' id='word_1_301' title='bbox 839 3493 873 3536; x_wconf 90' lang='lat' dir='ltr'>se</span> <span class='ocrx_word' id='word_1_302' title='bbox 895 3493 964 3537; x_wconf 84' lang='lat' dir='ltr'>esse</span> <span class='ocrx_word' id='word_1_303' title='bbox 989 3474 1124 3550; x_wconf 89' lang='lat' dir='ltr'>hostem,</span> <span class='ocrx_word' id='word_1_304' title='bbox 1157 3475 1181 3532; x_wconf 89' lang='lat' dir='ltr'>et</span> 
     </span>
     <span class='ocr_line' id='line_1_40' title="bbox 264 3556 1181 3640; baseline -0.003 -22"><span class='ocrx_word' id='word_1_305' title='bbox 264 3576 371 3637; x_wconf 89' lang='lat' dir='ltr'>quem,</span> <span class='ocrx_word' id='word_1_306' title='bbox 406 3557 494 3636; x_wconf 90' lang='lat' dir='ltr'>quia,</span> <span class='ocrx_word' id='word_1_307' title='bbox 528 3556 608 3638; x_wconf 91' lang='lat' dir='ltr'>quod</span> <span class='ocrx_word' id='word_1_308' title='bbox 640 3577 761 3640; x_wconf 87' lang='lat' dir='ltr'>semper</span> <span class='ocrx_word' id='word_1_309' title='bbox 791 3560 894 3637; x_wconf 89' lang='lat' dir='ltr'>uolui,</span> <span class='ocrx_word' id='word_1_310' title='bbox 925 3576 1028 3620; x_wconf 90' lang='lat' dir='ltr'>murus</span> <span class='ocrx_word' id='word_1_311' title='bbox 1053 3559 1181 3631; x_wconf 87' lang='lat' dir='ltr'>interest,</span> 
     </span>
     <span class='ocr_line' id='line_1_41' title="bbox 264 3637 1180 3724; baseline 0 -22"><span class='ocrx_word' id='word_1_312' title='bbox 264 3657 326 3702; x_wconf 87' lang='lat' dir='ltr'>uon</span> <span class='ocrx_word' id='word_1_313' title='bbox 348 3640 456 3717; x_wconf 82' lang='lat' dir='ltr'>timeo,</span> <span class='ocrx_word' id='word_1_314' title='bbox 471 3637 509 3702; x_wconf 85' lang='lat' dir='ltr'>de</span> <span class='ocrx_word' id='word_1_315' title='bbox 528 3639 587 3720; x_wconf 92' lang='lat' dir='ltr'>his,</span> <span class='ocrx_word' id='word_1_316' title='bbox 609 3643 661 3722; x_wconf 90' lang='lat' dir='ltr'>qui</span> <span class='ocrx_word' id='word_1_317' title='bbox 678 3641 876 3724; x_wconf 88' lang='lat' dir='ltr'>dissimulant,</span> <span class='ocrx_word' id='word_1_318' title='bbox 898 3643 949 3724; x_wconf 93' lang='lat' dir='ltr'>qui</span> <span class='ocrx_word' id='word_1_319' title='bbox 967 3641 1069 3706; x_wconf 83' lang='lat' dir='ltr'>Romae</span> <span class='ocrx_word' id='word_1_320' title='bbox 1086 3660 1180 3704; x_wconf 85' lang='lat' dir='ltr'>rema-</span> 
     </span>
    </p>
   </div>
   <div class='ocr_carea' id='block_1_3' title="bbox 305 3831 821 3894">
    <p class='ocr_par' dir='ltr' id='par_1_13' title="bbox 305 3831 821 3894">
     <span class='ocr_line' id='line_1_42' title="bbox 305 3831 821 3894; baseline -0.002 -12"><span class='ocrx_word' id='word_1_321' title='bbox 305 3831 314 3862; x_wconf 92' lang='lat'><strong>¹</strong></span> <span class='ocrx_word' id='word_1_322' title='bbox 339 3833 422 3894; x_wconf 74' lang='lat' dir='ltr'>codd,</span> <span class='ocrx_word' id='word_1_323' title='bbox 440 3834 498 3886; x_wconf 80' lang='lat' dir='ltr'>edd.</span> <span class='ocrx_word' id='word_1_324' title='bbox 515 3842 574 3886; x_wconf 74' lang='lat' dir='ltr'>nott.</span> <span class='ocrx_word' id='word_1_325' title='bbox 592 3859 628 3870; x_wconf 90' lang='grc'>-</span> <span class='ocrx_word' id='word_1_326' title='bbox 648 3833 821 3888; x_wconf 76' lang='lat' dir='ltr'>mehercules.</span> 
     </span>
    </p>
   </div>
   <div class='ocr_carea' id='block_1_4' title="bbox 0 0 1238 4318">
    <p class='ocr_par' dir='ltr' id='par_1_14' title="bbox 0 0 1238 4318">
     <span class='ocr_line' id='line_1_43' title="bbox 0 0 1238 4318; baseline 0 0"><span class='ocrx_word' id='word_1_327' title='bbox 0 0 1238 4318; x_wconf 95' lang='lat' dir='ltr'> </span> 
     </span>
    </p>
   </div>
  </div>
 </body>
</html>
