2490 4316
201 281 205 288 =
238 218 328 323 nno
357 219 481 322 neeis
508 231 769 322 onrornno.
915 273 965 324 aar

58 444 152 520 iraque
177 457 233 502 nos
258 457 415 525 pugnare,
446 438 479 504 fit
508 439 540 502 in
571 439 724 502 dominatu
755 433 904 518 servum,
935 442 968 503 in

57 524 186 586 servitude
207 523 384 588 dominatus.
430 523 456 586 0
482 530 627 604 tempora,
650 540 669 586 o
689 522 805 586 mores!
829 522 883 585 Cn.
899 524 1011 586 Do-sr

56 605 145 668 auibus
174 607 243 685 ille,
282 625 370 690 quem
399 626 456 672 nos
484 607 571 690 pueri
594 606 765 683 consulem,
798 624 967 683 censorem,

56 689 213 770 pontificem
236 694 395 755 maximum
419 690 563 766 vidimus,
599 709 690 772 quum
709 690 845 752 tribunus
867 689 970 771 plebis

56 771 89 833 ll.
106 770 262 853 Scaurum,
283 776 450 858 principem
475 774 622 850 civitatis,
646 775 676 836 in
698 772 841 838 iudicium
863 774 967 855 populi
1023 839 1026 848 ,

56 863 200 938 vocasset,
243 857 408 939 Scaurique
436 875 543 921 servus
575 856 612 919 ad
643 875 720 918 enm,
740 856 817 919 clam
848 855 967 920 domum

59 940 179 1003 venissel
209 946 239 1004 et
269 943 394 1006 erimina
425 941 455 1002 in
478 940 630 1005 dominum
654 941 821 1004 delaturum
841 958 877 1003 se
898 957 967 1003 esse

57 1022 178 1100 dixisset,
210 1025 421 1110 apprehendi¹
459 1025 612 1087 hominem
634 1015 722 1088 inssil
743 1025 780 1086 ad
802 1024 967 1089 Scaurian-

57 1123 107 1186 que
121 1105 236 1172 deduci.
269 1111 356 1187 Vide,
378 1107 450 1191 quid
464 1110 598 1185 intersit3
623 1111 680 1172 etsi
692 1109 795 1188 inique
810 1107 967 1170 Castorem

55 1207 113 1258 cum
134 1189 264 1258 Domitio
285 1211 447 1275 eompare3
482 1194 537 1256 sed
558 1199 657 1255 lamen
679 1192 732 1253 ille
753 1192 874 1254 inimico
896 1209 967 1254 ser-

55 1292 114 1336 vum
136 1277 260 1357 remisit,
290 1286 322 1342 tu
345 1277 382 1340 ab
404 1293 460 1339 auo
486 1277 652 1354 abducistm
684 1275 738 1339 ille
757 1277 968 1358 incorruptum

54 1356 147 1419 audire
165 1363 280 1441 noluit,
314 1367 346 1423 tu
367 1361 546 1442 corrupisti3
589 1360 641 1423 ille
663 1359 828 1422 adiutorem
848 1375 968 1421 seruum

54 1447 146 1502 cantra
174 1444 329 1510 dominum
359 1442 543 1527 repudiauit,
585 1449 617 1506 lu
645 1445 734 1506 ctiam
762 1449 968 1506 accusatorem
1058 1465 1063 1472 ·

53 1523 211 1592 adhibuisti.
275 1530 315 1593 nt
344 1528 438 1590 semel
470 1529 529 1590 iste
558 1533 604 1590 est
633 1535 794 1608 cormptus
823 1545 840 1588 a
871 1526 1015 1588 vobisau

53 1607 163 1688 Nonne,
196 1631 289 1694 quum
319 1617 399 1676 essct
428 1609 594 1692 productus
625 1617 655 1672 et
679 1628 769 1692 quum
792 1615 891 1671 tecum
914 1608 968 1670 lu-

53 1693 127 1771 isset,
147 1693 263 1780 refugit
284 1697 321 1760 ad
343 1693 487 1776 legatos?
511 1710 612 1756 nonne
636 1695 700 1757 ad2
725 1694 806 1759 bunc
828 1691 883 1754 Cn.
899 1690 968 1754 Do-

51 1776 153 1839 mitium
172 1780 283 1843 venit?
329 1797 449 1856 nonne,
482 1778 621 1840 audiente
649 1777 708 1840 hoe
733 1778 797 1843 Ser.
822 1774 967 1857 Sulpicio,

52 1860 208 1930 clarissimo
232 1863 309 1943 viro,
332 1863 383 1948 qui
407 1869 470 1924 tum
492 1880 565 1926 casu
583 1861 661 1943 apud
675 1863 837 1925 Domitium
851 1877 967 1922 coenu-

51 1943 108 2024 bat,
129 1952 157 2007 et
178 1947 238 2010 hoc
259 1946 292 2009 Τ.
316 1947 484 2029 Torquato,
517 1945 630 2027 optimo
652 1945 862 2022 adolescente,
892 1961 927 2006 se
949 1961 968 2004 a
994 1963 1000 1982 ⁸

51 2032 284 2112 laeculentum,
316 2035 375 2095 luis
407 2031 566 2115 promissis
590 2031 621 2094 in
645 2029 781 2093 lraudem
805 2027 967 2110 impulsum
999 2039 1000 2044 ’

51 2129 113 2174 esse
141 2113 303 2176 confessus
333 2115 403 2179 est?
445 2113 522 2187 Qum
550 2119 595 2178 est
619 2115 676 2177 ista
698 2120 758 2176 tarn
780 2111 968 2195 impotens⁸,
1083 2111 1086 2121 '

51 2202 102 2256 tam
122 2198 265 2276 erudelis,
288 2203 347 2262 lam
371 2198 567 2264 immoderata
589 2199 814 2262 inhumanitas?
850 2194 968 2259 ldclrco

50 2279 76 2340 in
96 2279 170 2342 banc
190 2282 298 2344 urbem
319 2283 495 2359 uenisti‚'ut
517 2283 606 2345 huius
627 2282 712 2344 urbis
729 2283 796 2344 iura
812 2286 842 2343 et
860 2297 968 2342 exem·
1001 2295 1004 2302 ·

50 2361 93 2442 pla
115 2381 328 2447 corrumperes
354 2366 577 2446 domesticaque
601 2365 834 2442 inhumanitate⁴
857 2367 969 2436 nadre

50 2446 169 2511 civitatis
194 2448 406 2512 humanitatem
430 2449 631 2530 inquinares?
750 2499 754 2508 .
1089 2491 1112 2538 ,ὀ

129 2530 170 2593 Ar
202 2549 291 2612 quam
324 2539 412 2596 acute
444 2533 571 2596 collecta
602 2531 744 2594 erimina!
790 2526 967 2603 Blesamius,
976 2547 1015 2612 ¹as
1101 2591 1109 2604 ,

49 2612 155 2693 inquit,
190 2613 273 2699 (eius
303 2617 383 2679 enim
413 2618 552 2695 nomine,
586 2617 691 2698 optimi
711 2615 795 2678 viri⁶
837 2631 894 2676 nec
914 2609 968 2674 tibi
1099 2625 1105 2634 ¹

49 2695 148 2777 ignoti,
174 2699 374 2762 maledicebat
395 2697 471 2781 tibi)
493 2699 531 2762 ad
555 2717 660 2781 regem
682 2699 817 2761 scribere
841 2695 971 2771 solebat,

49 2785 75 2839 le
95 2781 125 2843 in
143 2781 256 2845 invidio
278 2801 358 2860 esse,
383 2791 542 2864 tyrannum
564 2783 747 2857 existimari3
776 2786 871 2845 statua
891 2779 970 2842 inter

48 2879 132 2945 reges
152 2870 252 2947 posita
275 2867 391 2929 animos
414 2866 566 2929 hominum
590 2866 785 2929 uehementer
814 2863 969 2937 ollensos;

47 2945 142 3025 plaudi
167 2949 222 3010 tibi
243 2968 305 3011 non
327 2950 437 3012 solere.
483 2948 591 3012 Nonne
615 2949 771 3030 intelligis
795 2948 906 3024 Cesar,
930 2963 970 3008 ex

49 3030 165 3094 urbanis
194 3033 412 3098 malevolorum
441 3032 640 3095 sermunculis
662 3031 726 3094 haec
751 3031 787 3094 ab
811 3031 877 3094 istis
901 3046 971 3093 esse

48 3111 197 3178 collecta?
240 3115 406 3180 Blesamius
437 3121 596 3198 tyrannum
626 3113 775 3178 cesarem
797 3111 969 3178 scriberet?
1056 3161 1058 3172 .

48 3194 201 3262 llultorum
227 3201 307 3268 enim
331 3203 428 3282 capita
452 3199 579 3263 civium⁸
607 3201 732 3277 viderat,
756 3199 865 3262 multos
885 3199 970 3258 iussu
1093 3207 1098 3215 ·

48 3277 172 3346 Caesarls
193 3290 329 3361 vexatos,
350 3285 539 3361 verberatos,
560 3289 695 3362 necatos,
716 3285 829 3346 mullas
844 3280 969 3343 allliclas

47 3369 75 3422 et
95 3383 217 3429 eversas
240 3367 356 3445 domos,
386 3369 506 3430 armatis
528 3367 670 3430 militibus
693 3365 837 3429 refertum
858 3363 968 3426 lorum.

47 3444 121 3518 Qua
137 3467 259 3532 semper
279 3451 310 3519 in
327 3451 407 3514 civili
424 3452 551 3515 victoria
568 3453 730 3528 sensimus,
754 3468 790 3510 ea
807 3453 837 3509 te
853 3448 969 3510 uictore

47 3547 105 3593 nan
127 3532 264 3597 vidimus.
308 3533 436 3617 smusn
465 3537 597 3618 inquam,
619 3553 664 3615 es,
689 3533 724 3597 C.
746 3533 858 3611 Cesar,
881 3531 1014 3603 cuiusar
1060 3515 1064 3534 '
1108 3529 1118 3616 ᾗ
1232 3539 1233 3563 *

82 3727 471 3818 ¹00dd‚(ll,)-prehsndi.
526 3752 647 3804 ’nonnae
667 3749 800 3804 etiamad.
847 3748 967 3820 'lmbss-
1011 3759 1014 3766 '

78 3813 157 3865 cleros.⁸
207 3818 220 3850 ⁴
248 3820 417 3876 immunitato.
482 3824 493 3856 ⁶
521 3825 569 3875 siri
597 3832 659 3892 opi-¹
709 3822 721 3853 ¹
750 3822 844 3874 ellium
872 3820 967 3886 capita.

79 3879 199 3956 'Solum
226 3889 306 3942 soluo.
