2490 4316
282 201 336 252 21⁴
628 141 871 247 orituro!

286 369 400 434 diram:
432 381 485 430 eas
506 365 604 450 leges,
623 381 698 446 quas
720 365 797 446 ipse,
820 361 934 434 nobis¹
962 362 1191 446 inspectantibus,

286 451 434 528 recitavit,
454 449 667 531 pronuntiarit,
687 447 765 523 tulit,
793 446 901 528 quihus
925 447 992 510 latis
1014 447 1192 530 gloriabatur,

289 535 396 616 aisque
418 532 537 615 legibus
566 549 636 606 ¹rem,
654 531 804 612 publicam
826 531 975 594 contineri
1006 531 1141 612 putabat,
1165 530 1193 592 de

288 617 471 702 provinciis,
493 615 531 678 de
553 615 691 692 iudiciis,
713 633 786 691 eas,
804 613 943 696 inquam,
966 612 1095 678 Caesaris
1114 613 1194 697 leges,

289 719 366 778 nos,
399 699 449 781 qui
472 697 666 762 defendimus
681 703 747 763 acta
769 693 918 774 eastris,
952 697 1129 762 evertendas
1148 716 1194 776 pn-

244 781 411 851 astamus?
458 781 505 844 de
532 781 571 844 de
598 782 637 846 iis
667 787 766 852 tamen
802 781 941 862 legibus,
979 799 1046 862 quac
1077 779 1195 862 promul-

289 872 369 964 gatae
399 870 483 942 sunt,
528 865 633 928 saltem
665 864 751 946 queri
781 880 960 945 possumus,
993 864 1033 927 de
1060 864 1117 942 iis,
1146 879 1196 942 que

293 967 353 1014 ram
383 947 452 1010 lata
482 946 634 1026 dicuntur,
681 966 721 1012 ne
750 945 825 1010 illud
856 947 975 1029 quidem
1005 946 1099 1011 licuit.
1149 945 1197 1008 llla

294 1033 374 1096 enim
403 1031 470 1094 sine
495 1031 556 1094 ulla
585 1031 827 1114 promulgatione
856 1029 922 1094 late
943 1036 1012 1096 suot
1035 1037 1198 1112 antequam

187 1144 189 1147 ·
294 1115 424 1198 scriptae.
480 1114 589 1188 Quaero
621 1116 766 1192 antemi,
801 1113 872 1195 quid
895 1114 962 1190 sit,¹
990 1131 1045 1176 cur
1075 1119 1127 1176 aut
1154 1126 1198 1192 ego

200 1241 202 1250 ‚
296 1205 347 1262 eut
368 1197 525 1279 quisquam
544 1204 693 1276 vestrum,
716 1203 817 1280 patres
837 1197 1020 1278 conscripti,
1049 1197 1138 1260 bonis
1156 1195 1199 1256 tri-

275 1281 385 1346 'bunis
415 1280 530 1362 plebis,
564 1281 650 1364 leges
680 1281 773 1344 malas
799 1285 919 1344 metuat.
971 1279 1096 1364 Paratcs
1123 1279 1199 1341 habe-

297 1381 380 1440 mus,
399 1363 466 1444 ,qui
492 1355 695 1442 indercadant,
726 1369 868 1445 paratos,
901 1364 952 1445 qui
980 1363 1200 1444 rempublicam

297 1445 448 1528 religiono
470 1444 630 1511 defendant
637 1467 647 1523 ;
681 1446 779 1525 ,vacui
802 1452 883 1511 metu
904 1465 974 1510 esse
999 1446 1150 1510 debemus.
1171 1474 1200 1492 ·-

300 1529 383 1604 Quas
403 1535 435 1592 tu
455 1529 546 1606 mihi,
578 1529 693 1611 inquit,
726 1530 983 1607 intercessiones,
1014 1547 1092 1608 quas
1113 1526 1201 1608 religi-

225 1615 227 1623 ‘
301 1611 401 1679 ones?
438 1645 472 1658 -
510 1613 569 1678 Eas
599 1614 732 1691 scilicet,
770 1612 879 1694 quibas
908 1614 953 1675 rei
982 1612 1114 1694 publicae
1139 1609 1202 1674 salus

302 1695 481 1764 continetur.
514 1728 547 1742 -
578 1694 624 1758 Ne
646 1696 767 1780 ligimus
800 1697 856 1759 ista
883 1704 914 1760 et
937 1697 1025 1760 nimis
1047 1697 1203 1776 antiquaet

303 1779 392 1843 stulta
421 1777 565 1842 ducimus.
636 1797 723 1842 orum
750 1780 911 1860 saepiatur,
943 1797 1048 1842 omnes
1080 1776 1203 1842 clauder-

155 1927 158 1935 ,
221 1892 223 1898 ·
301 1867 352 1925 tur
373 1859 487 1940 adius,
523 1862 626 1932 armati
649 1864 679 1925 in
701 1862 849 1943 presidiis
870 1863 969 1926 multis
990 1863 1069 1926 locis
1090 1861 1204 1924 colloca·

154 2023 157 2034 Ι
259 1945 422 2008 eobanum
455 1977 488 1989 -
522 1943 600 2019 Quid
625 1945 712 2008 tum?
754 1945 843 2018 Quod
872 1947 912 2010 ita
941 1948 997 2009 erit
1024 1949 1158 2028 gestum,
1183 1938 1204 2000 id

303 2029 355 2092 lex
384 2025 468 2090 criti
514 2025 552 2089 Et
580 2028 610 2090 in
642 2046 684 2092 aes
713 2027 803 2092 incidi
831 2029 990 2107 iubebitis,
1028 2027 1141 2104 credo,
1169 2023 1204 2085 illa

305 2109 456 2192 legitima:
506 2107 651 2174 Consules
681 2111 825 2192 populum
855 2115 922 2176 iare
948 2117 1132 2192 rogaverunt
1137 2130 1148 2184 ,·
1178 2139 1203 2150 -

271 2257 273 2263 Α
304 2193 424 2255 Hocine
443 2211 463 2254 a
479 2193 642 2258 maioribus
666 2196 837 2277 accepimus
858 2197 905 2260 ius
927 2195 1082 2279 rogandi?
1124 2193 1205 2270 Popu-

308 2275 412 2356 larque
432 2275 498 2340 fare
515 2278 622 2351 acioit3
640 2311 673 2322 -
696 2277 753 2353 Qui
770 2278 923 2359 populus?
945 2280 1022 2359 isne,
1042 2278 1100 2360 ,qui
1121 2273 1205 2340 exelu-

308 2357 460 2423 ausast?
509 2359 576 2433 Quo
604 2360 696 2426 iure?
737 2380 775 2442 an
805 2378 861 2440 eo,
900 2362 1046 2443 quodsi
1080 2366 1110 2424 et
1137 2354 1206 2422 aud

308 2459 397 2504 omne
418 2440 564 2505 sublatum
583 2443 655 2506 est?
702 2443 801 2526 Atque
831 2444 920 2508 haec⁸
953 2445 1021 2508 dico
1042 2444 1081 2508 de
1102 2439 1206 2510 futuris

309 2524 391 2607 quod
419 2531 465 2588 est
494 2526 676 2605 amicorum,
719 2533 787 2596 autc
816 2525 918 2591 dicere
945 2547 1002 2604 ea,
1047 2545 1114 2609 quc
1141 2519 1207 2586 uitari

307 2609 424 2690 possint
431 2627 441 2682 ;
486 2625 552 2690 quae
575 2610 602 2672 si
626 2609 711 2672 facta.
724 2626 786 2673 non
806 2617 911 2688 erunt,
948 2611 1106 2676 refelletur
1130 2606 1205 2670 oratio

308 2708 402 2754 meu*
435 2690 558 2773 Loquor
588 2691 626 2754 dc
654 2693 774 2837 lepidos
801 2695 1020 2776 promulgatis,
1053 2694 1092 2756 de
1121 2690 1206 2772 quibus

308 2779 361 2859 cst,
375 2774 525 2856 integrum
546 2775 642 2840 vobis.
716 2783 869 2840 amonstro
889 2779 978 2855 vitia3
1018 2775 1129 2840 tollite!
1159 2773 1206 2834 lle-

310 2858 413 2931 nuutio
435 2858 513 2936 vim,
545 2876 645 2935 arma3
683 2859 855 2927 removete!

201 2941 247 3014 ll
265 2960 301 3011 ur
398 2940 490 3007 lra'sci
515 2941 633 3024 quidem
658 2961 713 3006 vos
734 2943 819 3020 milri,
840 2943 1007 3022 Dolabella,
1035 2961 1090 3026 pro
1110 2959 1145 3005 re
1164 2951 1207 3027 pt·

309 3022 389 3085 blica
417 3025 529 3089 dicenti
556 3041 618 3088 non
648 3027 838 3107 oportebat
886 3027 1068 3108 Quamquam
1098 3034 1128 3088 te
1156 3035 1207 3101 qut-

313 3104 381 3167 dem
415 3107 445 3171 id
476 3106 623 3174 facturum
655 3127 716 3172 non
748 3110 890 3173 arbitror.
941 3110 1028 3174 ¹Nori
1059 3109 1206 3174 facilitatem

311 3195 400 3252 tuam
448 3187 604 3272 collegam
633 3198 728 3256 tuum·
749 3194 832 3258 aiunt
862 3195 893 3257 in
924 3193 982 3257 hae
1012 3211 1065 3257 sua
1099 3191 1206 3254 fertum

314 3290 380 3352 quae
400 3271 481 3336 bona
504 3273 562 3356 ipsi
591 3275 725 3354 videtin,
753 3277 842 3355 mihi,
874 3295 913 3340 ne
936 3278 1056 3360 gravius
1079 3271 1205 3361 quidpiam

314 3355 430 3434 dicam,
462 3374 585 3420 avorum
614 3365 648 3441 et
671 3361 809 3424 avunculi
833 3361 880 3424 sui
902 3361 1085 3430 consulatum
1109 3357 1135 3422 si
1156 3356 1205 3415 iut-

317 3445 438 3517 teretur,
459 3439 639 3512 fortunatior
659 3442 820 3524 rideretur,
847 3451 879 3490 -‘·-
906 3443 960 3511 sed
977 3463 1045 3508 eum
1057 3437 1204 3506 iracuntm

352 3635 361 3666 ¹
388 3635 443 3686 l'ot.
473 3664 503 3674 -
528 3639 612 3692 vohis.
688 3641 701 3672 ²
730 3635 862 3706 Querunt.
936 3644 947 3674 ³
976 3629 1135 3710 niqae'ego
1158 3633 1204 3683 hul*

350 3705 363 3735 ⁴
385 3709 529 3792 oportebat.
