2490 4316
85 291 90 300 ,
162 239 171 256 a
284 233 340 286 sn
628 207 863 288 oberro

239 391 356 468 sodon
378 403 488 468 amma
512 403 695 470 relaxantur.
740 401 829 478 Quod
857 409 955 468 auem
977 403 1059 468 item
1081 409 1192 472 maesti-

226 555 230 564 ,
281 490 354 552 tiam
376 507 472 551 meam
493 489 704 570 reprehendit,
727 487 806 550 idem
830 487 947 568 iocum,
975 507 1087 572 magno
1108 509 1192 576 argu-

282 579 386 635 mento
405 579 464 648 est,
483 590 534 633 me
555 573 586 634 in
610 579 740 653 utroque
760 569 856 634 inisse
877 572 1072 640 moderatum.

372 655 559 720 Hereditates
589 656 662 721 mihi
692 655 809 736 negasti
840 657 954 720 venire.
1001 651 1117 722 Utinam
1143 657 1191 720 hoc

279 744 364 802 tuum
387 757 492 802 verum
514 740 627 807 crimen
649 745 751 814 esset3
782 737 885 818 plnres
908 740 995 806 amici
1015 741 1076 806 otei
1095 747 1125 803 et
1142 759 1190 803 ne-

280 823 410 884 eessarii
434 823 579 888 viverent
624 821 685 886 Sed
708 821 760 902 qui
785 822 863 890 ictuc
885 823 939 892 tibi
961 823 1095 890 venitin
1115 842 1189 886 men-

280 905 366 968 tem?
410 905 477 988 Ego
504 906 584 968 enim
615 905 745 986 amplios
771 903 828 967 llS.
861 905 1017 976 ducenties
1048 915 1189 990 uecephtu

278 987 494 1056 hereditatibus
516 989 626 1062 rettuli.
669 987 855 1070 Quemquam
876 991 907 1052 in
928 989 987 1056 hoc
1008 1009 1125 1072 genere
1149 991 1190 1052 ia-

198 1101 201 1106 ·
277 1079 348 1136 teor
367 1071 537 1136 feliciorem
559 1089 631 1136 esse
652 1077 691 1138 te.
732 1071 782 1134 hle
802 1089 891 1138 nemo
915 1074 974 1140 nisi
994 1074 1190 1138 amieusleoit

277 1155 433 1234 heredem,
457 1161 490 1218 ut
510 1173 577 1219 cum
598 1155 651 1224 illo
671 1155 841 1234 commodo,
863 1156 890 1220 si
913 1157 1087 1238 quoderat,
1111 1158 1190 1223 animi

278 1239 399 1320 quidam
426 1239 515 1302 dolor
543 1240 722 1322 iungeretur
729 1259 738 1314 3
781 1246 812 1304 te
843 1239 889 1318 is,
921 1257 1010 1322 qoem
1042 1247 1075 1310 tu
1100 1241 1190 1309 nidisti

232 1337 449 1404 ennumquam,
470 1321 503 1388 L.
522 1321 653 1388 Rubrius
673 1319 802 1390 *cnonas
827 1321 915 1398 [iecit
934 1322 1093 1408 heredem]
1107 1327 1132 1391 ¹.
1160 1324 1191 1388 Et

277 1407 399 1486 quidem
422 1405 511 1484 vide,
550 1424 638 1488 quam
659 1411 692 1468 te
714 1405 821 1472 ammit
843 1407 888 1484 is,
913 1407 966 1488 qui
988 1406 1076 1475 albus
1098 1415 1190 1477 ateme

275 1488 386 1566 luerit,
417 1491 558 1572 ignorasz
574 1567 578 1572 ι
592 1489 730 1553 omma*
755 1487 848 1554 liliata
869 1491 1030 1572 preteriit,
1061 1490 1096 1564 Q.
1111 1490 1191 1567 Ἑιιίῑὶ,
1238 1535 1239 1560 i

274 1573 482 1638 honestissimi
494 1573 604 1656 equitis
619 1571 745 1638 Romani
762 1573 1092 1653 mimendensem,
1111 1593 1190 1658 qoem
1236 1605 1239 1674 p

211 1665 216 1682 ‘
273 1658 375 1740 palam
395 1657 538 1723 heredem
557 1673 679 1736 semper
698 1654 862 1732 tacutman
900 1657 970 1733 tet,
998 1675 1088 1739 quem
1106 1677 1190 1722 num·
1238 1677 1239 1738 p

272 1759 365 1822 quarn
386 1741 504 1803 viderat
525 1747 576 1803 aut
597 1746 681 1801 certe
707 1755 869 1826 nunquam
897 1740 1098 1820 sanaverat,
1126 1741 1191 1804 feeit
1238 1739 1239 1788 l

273 1823 427 1885 heredem.
469 1822 566 1887 uelim
583 1823 656 1887 mini
679 1823 780 1900 oues,
810 1823 870 1890 nisi
891 1824 1051 1890 molestum
1072 1831 1135 1903 est,
1161 1825 1189 1888 u.

274 1906 431 1974 Turselius
453 1925 513 1987 qua
533 1907 613 1976 iaoie
634 1905 734 1984 luerit,
756 1923 817 1988 qna
836 1912 958 1985 danna,
981 1925 1043 1989 quo
1066 1910 1189 1973 manici·
1238 1947 1239 1960 κ

294 1991 336 2067 io,
361 2007 421 2071 qna
436 1991 526 2052 tribu.
571 1989 651 2057 Nihil
673 1989 750 2066 scio,
772 1990 902 2071 inquies,
920 1991 980 2060 nisi
1001 2009 1069 2074 que
1086 1992 1190 2075 predia

271 2009 421 2136 hahuerit
465 2073 562 2154 Igitur
581 2071 705 2138 fratrem
724 2071 913 2136 exheredans
932 2081 964 2136 te
983 2074 1115 2144 faciebat
1137 2077 1190 2140 be-
1238 2091 1239 2098 ¹

270 2156 385 2218 redem.
425 2155 460 2218 ln
480 2155 589 2217 multas
611 2161 759 2236 preterea
780 2157 924 2236 pecunias
944 2157 1188 2227 alienissimorum

270 2237 442 2316 hominum,
480 2239 586 2305 eiectis
608 2242 690 2302 veris
719 2239 899 2318 heredibus,
932 2247 1082 2328 tamquam
1106 2243 1189 2305 heres

162 2369 170 2384 ,
224 2338 260 2389 tu
269 2328 364 2400 esset,
395 2323 513 2390 invastt.
569 2321 754 2406 Quamquam
786 2323 846 2386 hec
874 2326 1004 2388 maxime
1032 2326 1188 2392 admiratos
1238 2327 1239 2396 j

269 2425 347 2483 som,
371 2407 554 2504 mentionem
570 2415 608 2505 'te
632 2406 830 2504 hereditatum
854 2425 961 2506 ausum
985 2425 1057 2477 esse
1081 2410 1187 2487 faeere,
1238 2403 1239 2488 l

58 2577 63 2584 '
157 2566 205 2639 17
270 2489 1042 2656 quumnppcseupeppppptpperp’ppptplsonppeplppppppse'
1062 2580 1110 2638 tot
1130 2575 1186 2638 dies
1238 2603 1239 2622 κ

268 2657 300 2720 in
322 2657 420 2720 aliena
438 2657 511 2719 nilla
532 2656 731 2720 declamasti?
758 2656 943 2738 Quamquam
960 2665 992 2721 tu
1013 2659 1135 2740 quidem
1151 2659 1186 2738 (ot
1238 2687 1239 2702 π

171 2781 175 2791 ,
267 2741 311 2802 toi
332 2729 559 2802 familiarissimi
578 2737 723 2820 dictitant)
747 2741 810 2802 vini
841 2741 1020 2822 exhalandi,
1050 2759 1115 2808 noo
1142 2744 1185 2804 in-

267 2825 351 2906 genii
376 2823 503 2886 acuendi
526 2841 618 2885 causa
641 2823 832 2886 declamant
879 2826 921 2888 At
939 2828 1040 2891 verol
1066 2825 1185 2902 adhibes

266 2908 327 2973 ioci
349 2925 440 2970 eausa
460 2908 656 2990 magistrum,
689 2905 836 2990 suffragio
857 2914 910 2972 tho
932 2915 963 2972 et
982 2915 1185 2992 compotorum
1238 2905 1239 2910 ’

240 3027 242 3032 -
264 2997 384 3052 tuorum
405 2991 567 3067 rhetorem,
586 2992 635 3054 eui
656 2992 847 3069 concessisti,
867 2997 901 3054 ot
922 2993 954 3055 in
975 2989 1015 3072 te,
1037 3010 1107 3074 quae
1123 2991 1184 3054 vel·
1238 2973 1239 3040 i

266 3073 325 3162 let,
349 3072 481 3151 diceret,
510 3075 623 3138 salsum
645 3074 766 3136 omnino
788 3073 956 3151 hominem3
985 3077 1043 3143 sed
1065 3074 1183 3138 materia

264 3155 364 3218 leodis
388 3162 435 3217 est
457 3158 487 3218 in
517 3163 547 3218 te
576 3165 606 3220 et
625 3159 658 3219 in
678 3164 748 3220 tuos
769 3157 850 3222 dicta
873 3159 985 3225 dicere.
1031 3159 1110 3222 Vide
1130 3175 1181 3222 au·
1238 3175 1239 3242 p

263 3245 333 3318 tem,
356 3239 428 3320 quid
450 3241 569 3302 intersit
588 3242 666 3302 inter
689 3247 719 3303 te
740 3245 770 3302 et
791 3259 878 3304 avum
899 3249 991 3308 tuom.
1035 3243 1090 3305 llle
1112 3258 1181 3306 sen·
1238 3265 1239 3324 4

175 3335 179 3342 ·
262 3325 320 3408 sim
343 3324 460 3386 dicebat
468 3353 480 3402 ,·
500 3323 582 3406 qood
602 3341 702 3387 cause
724 3325 902 3405 prodesset,
924 3333 956 3390 tu
979 3327 1089 3391 cursim
1112 3323 1181 3388 diois
1238 3395 1239 3398 Ἴ

217 3419 251 3470 ts
264 3405 371 3468 aliena.
418 3407 459 3470 At
478 3414 587 3488 quanta
608 3423 726 3474 meroes
745 3408 861 3472 rhetori
884 3411 952 3473 data
971 3409 1043 3474 est?
1064 3408 1179 3480 Audite,
1238 3441 1239 3480 t

262 3489 380 3569 audite,
409 3497 513 3573 patres
532 3491 715 3574 conseripti,
742 3497 774 3554 et
795 3496 974 3577 cognoscite
992 3494 1038 3556 rei
1058 3491 1179 3576 publice
1238 3509 1239 3522 ¹

298 3695 308 3726 ¹
330 3697 395 3748 coni.
413 3723 450 3734 -
475 3699 530 3751 aine
547 3699 631 3751 aneis.
703 3697 718 3732 ²
747 3701 812 3752 coni.
841 3699 932 3753 Garat.
959 3725 991 3738 -
1020 3699 1080 3768 qni,
1107 3694 1174 3748 albus

295 3771 385 3817 aterne
403 3767 494 3834 ineris,
511 3769 643 3836 ignorans,
661 3767 756 3822 fratris.
811 3771 823 3802 ¹
844 3772 1021 3836 amantissimi,
1041 3766 1072 3833 [3]
1093 3783 1133 3837 qu.
1149 3777 1171 3827 p.

294 3831 320 3931 lp·
330 3849 363 3953 pp
379 3833 522 3956 ppppnrata
542 3833 724 3902 [denominat
744 3839 849 3908 quidem
860 3836 880 3907 :l
898 3850 933 3896 te.
988 3841 1003 3874 ⁴
1024 3838 1171 3898 dedanim

1238 3975 1239 4024 l
