2468 4318
501 27 515 62 Ι

190 229 194 234 ·
300 231 351 288 mv
380 230 412 286 u.
442 227 724 286 carrurnnu.
883 301 886 306 ¹
927 237 977 288 101

51 423 135 488 quam
158 401 370 468 manifesta-et
398 402 466 484 qua'
479 402 598 465 ratione
622 400 803 486 investigata
830 409 861 466 et
889 421 977 468 com.
1019 402 1022 411 “

50 490 202 572 ρωίιθηειιλ
221 488 298 569 sint,
322 504 399 567 vos,
435 487 489 570 qui
512 487 683 574 ignoratis,
706 505 746 549 ex
768 486 871 550 actis¹
895 491 976 556 scire
1068 485 1071 494 ’

70 573 178 637 ossitis.
574 587 581 606 ’

49 593 67 655 p
131 653 298 736 Principio,
318 657 353 716 ut
373 649 502 714 Catilina
524 639 630 734 paucis
654 657 724 715 ante
746 651 853 728 diebus
877 655 976 736 erupit

47 757 84 800 ex
103 739 199 817 urbe,
231 743 323 820 quum
345 736 473 808 sceleris
495 737 543 798 sui
565 737 686 813 socios,
717 736 843 799 huiusce
865 737 975 801 nefarii

47 822 114 884 belli
143 822 312 885 acerrimos
342 819 452 895 duces,
491 818 594 882 Rome
624 820 817 901 reliquisset,
854 839 975 903 semper

48 906 164 988 vigilavi
189 912 221 970 et
241 902 379 986 providi,
405 902 559 981 QuiriteS‚
580 902 830 984 quemadmodum
852 905 883 967 in
903 911 973 968 tan-

47 989 80 1050 tis
104 995 132 1050 et
154 995 216 1051 tam
240 985 425 1050 absconditis
447 986 565 1049 insidiis
599 986 675 1048 salvi
703 1005 773 1048 esse
801 1005 972 1069 possemus

45 1070 111 1133 Nam
135 1080 216 1152 tum,
252 1089 344 1152 quum
373 1088 412 1132 ex
433 1071 509 1133 urbe
533 1059 694 1132 Catilinam
716 1071 874 1132 eiiciebam
897 1071 972 1152 (non
1018 1052 1043 1122 2

47 1157 118 1218 enim
145 1157 206 1220 iam
230 1171 345 1218 vereor
364 1153 453 1216 huius
480 1154 566 1216 verbi
598 1153 761 1230 invidiam,
794 1172 886 1235 quum
919 1155 972 1218 illa

46 1240 134 1320 magis
158 1241 198 1301 sit
216 1237 367 1314 timenda,
404 1237 487 1319 qu'0d
516 1237 604 1299 vivus
639 1236 781 1318 exierit),
814 1237 869 1320 sed
898 1244 971 1317 tum,

46 1341 128 1402 quum
151 1323 238 1385 illum
261 1320 456 1384 exterminari
478 1320 630 1398 volebam,
652 1325 706 1384 aut'
724 1321 872 1402 reliquam
891 1339 971 1384 cou-
1014 1325 1022 1344 '

45 1405 206 1468 iuratorum
226 1423 349 1469 manum
370 1405 459 1467 simul
484 1405 643 1481 exituram,
672 1410 723 1466 aut
743 1422 809 1482 eos,
838 1405 890 1486 qui
915 1423 971 1468 re-

45 1489 190 1568 stitissent,
214 1489 350 1552 inlirmos
372 1489 439 1551 sine
463 1487 517 1548 illo
540 1505 576 1548 ac
600 1487 716 1549 debiles
732 1487 800 1548 lore
819 1488 970 1569 putabam.

45 1573 135 1654 Atque
158 1592 230 1656 ego,
250 1579 284 1636 ut
304 1571 378 1649 vidi,
399 1587 476 1651 quos
495 1571 652 1632 maxime⁹
675 1569 781 1632 lurore
799 1577 828 1632 et
849 1571 998 1634 scelere*
1067 1577 1074 1591 ’

44 1673 105 1716 esse
134 1657 335 1719 inflammatos
364 1655 518 1730 sciebam,
563 1670 619 1714 eos
647 1653 805 1715 nobiscum
836 1671 905 1716 esse
939 1659 969 1718 et
1052 1733 1053 1736 Ἴ

44 1737 134 1802 llomae
155 1740 353 1817 remansisse,
376 1739 407 1800 in
430 1754 467 1804 ao
484 1750 589 1798 omnes
610 1735 676 1798 dies
697 1742 866 1818 noctesque
888 1754 968 1800 con-

44 1824 157 1904 sumpsi,
186 1830 235 1902 ut,
260 1822 332 1906 quid
351 1827 487 1904 agerent,
518 1819 588 1902 qnid
611 1820 800 1897 molirentur,
822 1822 968 1884 sentirem

44 1922 74 1966 ac
94 1907 245 1985 viderem,
278 1911 330 1982 ut,
366 1905 508 1984 quoniam
543 1904 666 1966 auribus
700 1904 810 1966 vestris
840 1911 968 1987 propter
1007 1923 1013 1937 ‘
1100 1973 1102 1980 ,
1161 1931 1163 1938 ’

43 1987 241 2052 incredibilem
274 1988 513 2070 magnitudinem
544 1987 672 2050 sceleris
700 1988 849 2050 minorem
876 1986 966 2058 fidem

42 2067 145 2135 laceret
173 2074 274 2137 oratic
303 2091 389 2150 mea,
421 2085 486 2133 rem
515 2071 556 2134 ita
590 2070 898 2152 comprehenderem,
932 2078 965 2137 ut

44 2159 96 2216 tum
118 2157 236 2220 demum
263 2157 371 2218 animis
394 2155 484 2218 saluti
505 2159 614 2217 vestrae
634 2154 848 2236 provideretis,
870 2174 963 2237 quum

44 2239 128 2302 oculis
159 2238 339 2304 maleficium
368 2239 467 2320 ipsum
496 2237 648 2300 videretis.
696 2237 799 2320 ltaque
821 2246 854 2303 ut
874 2257 963 2302 com-

43 2322 115 2400 peri,
147 2325 178 2386 le
202 2331 268 2386 atos
300 2310 502 2404 Allobrogum
530 2321 607 2389 belli
635 2321 825 2402 Transalpini
853 2330 885 2386 et
909 2327 962 2386 tu-

43 2406 139 2469 multus
173 2343 283 2472 deinoi
318 2405 469 2468 excitandi
498 2422 588 2468 causa
619 2423 637 2468 a
669 2403 700 2466 P.
731 2405 859 2468 Lentulo
890 2424 962 2471 esse

44 2487 228 2568 sollicitatos,
259 2481 375 2570 eosque
404 2490 436 2551 in
466 2486 592 2550 Galliam
622 2488 660 2550 ad
690 2506 763 2552 suos
795 2490 878 2551 cives
902 2507 961 2550 eo-

44 2567 156 2654 demque
185 2576 297 2637 itinere
329 2591 398 2636 cum
421 2573 528 2634 litteris
553 2572 762 2653 mandatisque
788 2571 826 2643 ad
850 2566 978 2636 Catili:

43 2668 100 2715 nam
120 2675 187 2721 esse
207 2659 330 2736 missos,
353 2657 552 2736 comitemque
574 2655 612 2718 iis
635 2657 806 2718 adiunctum
828 2655 861 2717 Τ.
882 2655 960 2720 Vul-

43 2737 171 2820 turcinm,
194 2748 284 2823 atque
308 2739 380 2803 huic
404 2757 474 2804 esse
499 2739 536 2801 ad
562 2737 720 2803 Catilinam
742 2738 852 2802 datas³
875 2739 960 2809 litte-

42 2833 98 2896 ras,
124 2822 293 2888 faeultatem
314 2824 387 2896 mibi
411 2823 541 2886 oblatam
561 2824 680 2904 putavi,
709 2828 759 2900 ut,
790 2823 873 2904 quod
892 2830 959 2912 prat

43 2899 252 2994 difficillimum,
288 2907 432 2989 quodque
462 2906 522 2990 e'go
545 2924 667 2988 semper
692 2906 832 2987 optabam
857 2926 876 2972 a
900 2906 958 2970 diis

43 2991 263 3072 tmmortalibns',
300 2990 361 3054 ιιι4
394 2997 463 3055 tota·
479 3007 531 3052 res
556 3007 617 3052 non
640 2989 738 3053 solum
761 3008 779 3052 a
804 3004 870 3068 me,
901 2989 957 3054 scd

44 3068 120 3134 etiam
144 3093 162 3136 a
190 3080 297 3138 senatu
321 3081 353 3136 et
375 3093 391 3138 a
413 3073 501 3136 vobis
523 3072 684 3136 manifesto
707 3072 957 3156 deprehendere-

45 3151 90 3212 ltr.
132 3155 231 3240 ltaque
260 3157 403 3220 hesterno
425 3157 474 3219 die
495 3156 529 3218 t.
550 3157 689 3218 Flaccum
711 3162 741 3218 et
763 3155 795 3219 C.
820 3157 985 3239 Pompti-5
1054 3173 1062 3190 ·

43 3247 101 3296 num
129 3248 287 3320 praetores,
321 3241 504 3304 fortissimos
536 3245 627 3321 atque
653 3241 875 3303 amantissimos
907 3241 956 3302 rei
1018 3245 1050 3252 ''

44 3317 154 3392 publice
176 3327 268 3403 viros,
291 3325 328 3387 ad
349 3343 398 3386 me
421 3323 526 3406 vocavi
534 3343 544 3400 ;
580 3341 644 3386 rem
662 3342 781 3387 omnem
805 3323 935 3405 exposui
943 3342 954 3400 3

45 3399 104 3474 quid
122 3404 182 3471 lieri
206 3408 356 3490 placeret,
373 3407 518 3482 ostendi.
567 3406 612 3469 llli
636 3414 752 3484 autem,
779 3407 831 3488 qui
853 3406 953 3469 omnia

46 3477 76 3541 dt
92 3501 123 3548 re
142 3493 260 3570 publica
280 3490 427 3574 preclara
449 3496 538 3572 atque
560 3492 688 3574 egregia
708 3490 864 3567 sentirent,
885 3490 953 3552 sine

45 3574 214 3639 recusatione
235 3595 271 3641 ac
292 3577 360 3639 sine
381 3576 444 3640 nlla
464 3591 550 3638 mora
571 3576 727 3658 negotium
752 3578 952 3655 susceperunt

47 3690 258 3724 =-.-.„.·
1002 3684 1005 3690 .

76 3765 214 3842 ¹ignornts
226 3791 252 3833 et
263 3759 428 3851 exspectatis,
447 3801 483 3837 sc.
516 3781 599 3837 ²cod,
614 3783 815 3838 m-nsximo
849 3783 947 3836 ³codd.

72 3859 99 3874 *-
116 3844 182 3902 datas
201 3867 258 3906 esse
278 3856 311 3907 ad
331 3853 384 3910 Cat.
424 3854 437 3886 ⁴
456 3853 528 3907 codd.
549 3880 581 3890 —
601 3870 646 3904 ont.
665 3861 701 3904 ut.
