2490 4316
199 203 204 220 ‘
285 235 339 294 aco
626 227 872 286 cauno

72 481 79 492 ,
176 399 224 474 12
240 421 276 480 as
288 405 351 476 isso
370 409 429 468 tom
450 401 570 482 multos,
592 401 669 486 ipsis
689 401 867 488 gloriosum.
900 403 940 465 At
960 401 1186 485 quemedmodum

286 507 336 554 mo
359 488 533 572 coarguerit
558 485 650 550 bomo
675 493 797 565 acute,
828 485 1041 550 recordamini.
1087 486 1188 549 Cesum

212 627 216 638 .
263 571 459 650 interiecto,
479 570 586 651 inquit,
615 570 721 638 statim
736 575 892 635 cruentum
914 571 977 633 alte
999 569 1142 633 extollens
1158 567 1186 630 ll.

286 656 397 720 Brutus
426 655 591 738 pugionem
620 652 801 723 Ciceronem
831 653 1006 721 nominatim
1035 653 1188 716 exclamavit

288 745 379 822 atque
401 738 431 801 ei
449 744 658 818 recuperatum
679 737 849 804 libertatem
868 741 916 800 est
938 737 1112 820 gratulatus.
1143 733 1189 797 Cur

287 823 362 886 milri
376 819 589 904 potissimum?
612 819 690 894 Quia
708 818 867 886 sciebam?
889 818 1026 886 Videre
1046 821 1097 884 iila
1117 835 1189 886 catti

287 905 380 970 luerit
402 902 575 986 appellandi
604 905 686 982 mei,
721 903 822 985 quod,
857 919 948 984 quum
977 920 1043 967 rem
1066 903 1190 988 gessisset

288 988 478 1054 consimilem
498 987 592 1050 rebus
612 987 671 1066 iis,
695 1004 771 1069 quas
792 987 860 1068 rpse
883 1003 1062 1069 gesseram,
1084 1003 1128 1048 me
1142 1001 1190 1066 po-

288 1073 437 1138 tissimum
462 1075 588 1140 testatus
615 1075 681 1150 est,
714 1087 750 1133 se
775 1070 913 1136 emulum
937 1087 1072 1138 mearum
1092 1067 1190 1134 laudum

244 1156 452 1227 secreuisse.
499 1153 546 1215 lu
566 1159 683 1231 autem,
704 1154 837 1222 omnium
860 1153 1056 1233 stultissime,
1079 1169 1135 1216 non
1152 1150 1189 1211 io-

289 1239 425 1321 telligis,
456 1237 484 1306 si
513 1235 563 1315 id,
596 1236 677 1318 quod
701 1253 750 1299 mo
775 1237 896 1320 arguis,
927 1238 1066 1306 voluisse
1085 1230 1190 1304 interit

292 1322 460 1401 Cesaram,
493 1319 609 1396 odmen
637 1321 695 1398 sit,
728 1320 837 1398 etiam,
871 1320 999 1383 letatum
1022 1337 1094 1383 esse
1113 1321 1190 1386 morto

292 1403 441 1483 cesaris,
475 1403 590 1467 crimen
618 1401 713 1467 esse?
760 1402 839 1477 Quid
871 1404 951 1466 enim
972 1405 1107 1472 interest
1131 1402 1189 1464 into

235 1549 238 1556 ,
291 1505 450 1554 suasorem
481 1485 553 1550 lacti
587 1491 618 1548 et
651 1485 872 1568 probatorem?
917 1492 968 1550 out
1001 1486 1075 1569 quid
1108 1482 1191 1556 refert

291 1577 391 1636 uuum
416 1570 564 1635 voluerim
592 1568 659 1632 lieri
681 1587 720 1634 an
747 1569 896 1653 gaudeam
919 1567 1056 1638 lucum?
1100 1563 1189 1646 Ecquis

292 1660 342 1718 est
355 1654 457 1736 igitur,
479 1660 511 1716 te
530 1659 661 1734 excepto
680 1659 712 1719 et
732 1653 781 1731 iis,
803 1653 855 1734 qui
878 1652 962 1716 illum
986 1670 1022 1715 ro
1067 1669 1116 1715 are
1129 1664 1190 1733 gou-

293 1737 422 1814 debant,
457 1735 509 1819 qui
541 1734 616 1802 illud
638 1741 689 1798 eut
710 1734 776 1800 lieri
797 1735 929 1806 noluerit
951 1741 1002 1798 aut
1038 1741 1128 1801 actum
1145 1733 1190 1794 im-

292 1818 454 1903 probarit?
499 1817 612 1887 Omnes
641 1835 719 1903 crgo
744 1819 777 1882 in
805 1819 903 1901 culpa.
959 1819 1077 1884 Etenim
1106 1827 1190 1880 omues

291 1902 384 1980 boni,
416 1907 558 1985 quonmm
584 1903 616 1964 in
644 1903 719 1984 ipsis
746 1901 823 1982 *brit‚
859 1900 1008 1966 cesarem
1031 1899 1190 1970 occiderunt

292 1985 372 2056 Aliis
402 1985 582 2063 consilium,
619 1985 688 2049 aliis
709 1987 841 2065 animus,
875 1985 944 2049 aliis
965 1987 1088 2053 occasio
1107 1979 1190 2052 deluit

248 2069 433 2148 qovoluntas
453 2068 576 2135 nemini.
616 2066 679 2132 Sed
697 2075 851 2152 stuporem
871 2067 1022 2148 bominis,
1047 2068 1097 2134 vel
1116 2066 1190 2130 dicam

293 2147 431 2235 pecudis,
454 2149 606 2214 aoendite.
636 2150 688 2216 Sic
704 2154 784 2216 enim
806 2153 897 2217 dixit:
920 2153 961 2215 M.
979 2153 1102 2226 Bruttus,
1125 2161 1189 2230 pato

241 2283 245 2286 -
293 2251 349 2315 epo
371 2234 497 2297 honoris
521 2251 618 2298 coreo
636 2237 966 2310 nemim-eumen
1047 2236 1189 2306 boemis·

293 2335 370 2381 neos
396 2315 569 2382 Ciceronem
588 2319 796 2399 eeclonsooit,
825 2335 869 2382 cx
890 2337 949 2401 quo
969 2255 1099 2402 effluet
1114 2312 1188 2382 debet

294 2419 362 2472 mm
381 2402 535 2464 cencium
551 2401 658 2481 scisse.
703 2402 786 2486 Ergo
807 2419 868 2486 ego
889 2403 1056 2471 sceleratus
1078 2396 1189 2484 appeto

295 2491 387 2564 etc,
421 2503 509 2567 quem
531 2489 564 2547 tu
591 2485 775 2568 suspicatum
798 2486 911 2570 aliquid
934 2488 1117 2569 suspiceris,
1143 2478 1189 2552 illi»

295 2569 358 2651 qui
370 2567 531 2632 stillantem
555 2585 619 2651 pre
639 2585 675 2632 se
695 2569 859 2652 pugionem
881 2570 957 2648 tulit,
976 2571 1003 2632 is
1025 2589 1043 2634 u
1064 2577 1093 2632 tc
1110 2567 1188 2656 bono·

292 2653 338 2714 ris
370 2667 462 2716 cause
485 2651 679 2722 nominatur?
713 2652 805 2730 Est03
838 2654 879 2717 sit
901 2654 932 2715 in
961 2654 1064 2720 verbis
1083 2651 1136 2716 tuis
1154 2645 1189 2706 1¹¹⁰

293 2740 400 2815 stupor
407 2754 416 2811 3
442 2741 555 2817 quomo
575 2737 607 2799 in
627 2735 719 2800 rebus
740 2735 957 2817 sententiisque
978 2735 1099 2806 maior?
1125 2727 1188 2822 0⁰1¹:

293 2820 385 2881 stitue
406 2817 475 2895 boo,
509 2820 627 2894 consul,
645 2819 827 2902 ‘aliquando
855 2819 1026 2899 Brutorum,
1051 2819 1084 2883 c.
1104 2810 1189 2904 Cessit

294 2899 349 2964 Gn.
372 2901 519 2980 Domitii,
552 2901 585 2966 G.
610 2901 785 2981 Trebonii,
806 2903 993 2988 reliquorum
1020 2921 1106 2986 quam
1132 2893 1189 2957 *0¹¹⁸

293 3000 365 3048 esso
386 3002 525 3062 causem3
559 2985 675 3050 edormi
696 2985 860 3068 crapulam,
890 2986 1077 3068 inquom,et
1096 2976 1188 3047 euholt

291 3067 342 3130 An
362 3065 446 3129 faces
468 3068 661 3147 admovendae
681 3075 767 3148 sunt,
803 3087 871 3153 que
891 3075 921 3131 te
945 3071 1093 3148 excitent,
1123 3065 1189 3126 bole

292 3166 393 3214 cause
416 3150 672 3216 indormientem?
702 3151 908 3238 Numquamne
928 3153 1094 3235 intelliges,
1113 3149 1187 3212 stud·

293 3234 404 3304 endum
429 3233 483 3297 tibi
502 3251 590 3314 esse,
619 3243 720 3300 uuum
741 3236 803 3314 illi,
836 3237 887 3319 qui
910 3237 996 3304 istem
1017 3254 1082 3304 rem
1100 3241 1188 3317 gesso·

183 3319 231 3394 13
248 3324 372 3397 ulrum,
395 3317 593 3381 homicidaene
610 3320 670 3387 sint
685 3337 722 3382 an
736 3318 873 3383 vindices
894 3319 1062 3384 libertatis?
1085 3307 1187 3380 Attendt

242 3451 246 3468 .
292 3402 373 3468 onim
394 3401 563 3484 paullisper
577 3403 853 3487 cogitationemque
874 3403 969 3484 sobrii
984 3403 1110 3468 bominis
1126 3409 1186 3478 pun·

290 3491 370 3548 ctum
391 3487 536 3566 temporis
558 3487 688 3568 suscipe.
733 3485 819 3570 Ego,
849 3487 902 3569 qui
923 3503 989 3550 suro
1019 3487 1147 3556 illorum,
1166 3473 1187 3533 11¹

180 3570 182 3578 ’
242 3611 258 3652 3
288 3569 357 3649 ipse
377 3567 485 3647 fateor,
508 3566 676 3648 familiaris,
699 3575 732 3632 ut
754 3588 771 3632 a
792 3576 824 3633 te
842 3587 965 3655 arguor,
985 3570 1106 3646 socius,
1126 3567 1185 3639 megi

291 3651 452 3736 quidquam
475 3669 546 3715 esse
565 3651 715 3728 medium;
737 3651 883 3718 conlitcor
905 3670 971 3732 eos,
992 3653 1051 3717 uisi
1067 3647 1185 3738 libertlt·

290 3751 341 3797 res
358 3735 463 3817 populi
477 3733 603 3798 llomani
621 3741 912 3820 conservatoresque
933 3738 979 3804 rei
999 3736 1122 3820 publice
1135 3723 1183 3823 stit

112 3861 117 3872 .
240 3823 243 3826 ’
290 3816 358 3898 plus
376 3837 462 3901 quam
479 3817 615 3903 sicarios,
636 3819 706 3902 plus
722 3833 810 3904 quom
831 3819 1009 3899 homicidas,
1033 3820 1100 3902 pius
1119 3817 1184 3878 enm
