2546 4310
174 236 278 313 'rao
309 249 608 310 summosano
633 247 862 306 insarno.
944 253 979 303 ao
1050 202 1051 210 Ν

44 431 169 509 tantur.
214 424 320 500 Quid?
342 443 379 490 ea
402 422 558 490 multitudo
582 438 650 506 quc
676 421 765 486 erat?
787 422 907 504 opinor,
930 426 982 486 aut
1067 453 1069 458 ·

58 529 178 587 eorum,
218 511 270 592 qui
302 510 446 572 inbonis
474 513 560 572 erant
588 505 746 587 occupati,
784 511 834 570 aut
864 522 980 580 eorum,

60 597 105 678 qui
129 594 164 656 ab
188 592 227 656 iis
247 592 500 671 conducebantur,
522 596 555 653 ut
576 590 706 671 aliquem
726 590 907 653 occiderent.
948 588 981 653 st

58 697 108 742 cos
129 683 228 760 putas,
255 677 306 758 qui
329 677 459 738 alienum
483 673 674 756 appetebant,
696 678 728 735 tu
748 691 781 738 es
803 676 834 737 in
856 689 894 734 co
920 690 981 736 nu-

59 780 149 838 mero,
181 760 234 841 qui
256 767 360 822 nostra
383 760 513 842 pecunia
537 757 622 821 dives
647 775 699 832 es,
732 757 779 821 sin
801 765 866 833 eos,
890 774 981 839 quos,

60 847 105 927 qui
134 844 253 907 leviore
284 843 404 906 nomine
427 842 598 925 appellant,
637 845 837 922 percussores
862 845 981 917 vocant,

60 945 170 1010 quere,
211 927 244 989 in
269 926 356 990 cuius
378 925 436 988 ide
458 926 518 988 sint
539 933 571 988 ct
598 924 753 1001 clientela;
789 924 1004 1001 mihicrede,

60 1012 181 1092 aliquem
205 1003 245 1072 de
268 1010 412 1072 socictate
434 1015 484 1072 tua
505 1009 661 1091 reperies3
694 1014 746 1085 et,
782 1008 927 1091 quidquid
951 1013 983 1069 ιιι
1013 1037 1014 1044 1

59 1101 155 1157 contra
179 1094 308 1171 dixeris,
330 1092 362 1155 id
384 1110 452 1155 cum
473 1092 652 1155 defensione
667 1097 771 1154 nostra
788 1091 980 1166 contendito;

59 1179 95 1239 ita
121 1177 266 1240 facillime
296 1193 387 1239 causa
409 1176 480 1242 Sex.
510 1175 613 1240 Roscii
636 1193 703 1236 cum
726 1181 776 1238 tua
799 1175 982 1238 conieretur.

58 1260 157 1322 Dices:
180 1259 265 1334 Quid
286 1265 404 1341 postea,
428 1261 454 1322 si
463 1260 564 1323 Rornae
587 1258 724 1322 assiduus
748 1258 816 1323 fui?
839 1259 1028 1342 Respon-ss

60 1343 148 1406 delo:
171 1343 213 1406 At
232 1360 294 1426 ego
317 1344 439 1406 omnino
458 1342 590 1408 nonlui.
632 1341 749 1419 Fateor,
764 1361 812 1404 me
831 1350 981 1406 sectorem

59 1443 138 1502 esse3
167 1445 275 1490 verum
308 1432 338 1490 et
361 1427 412 1489 alii
436 1427 530 1490 multi.
577 1424 617 1488 m
638 1443 708 1507 ego,
730 1432 763 1488 ut
786 1433 849 1490 tute
867 1428 982 1510 arguis,

59 1510 184 1592 agricola
202 1516 232 1572 et
255 1510 395 1572 rusticus.
429 1509 497 1572 Non
514 1513 669 1586 continuo,
688 1509 716 1571 si
736 1528 785 1572 me
805 1511 835 1572 in
853 1528 981 1593 gregem

59 1594 230 1656 sicariorum
257 1593 383 1670 contuli,
415 1611 481 1655 sum
505 1593 642 1656 sicarius.
689 1590 729 1654 At
751 1609 811 1674 ego
831 1593 982 1675 proiecto,

60 1678 104 1757 qui
126 1695 164 1739 ne
185 1678 260 1741 novi
284 1676 405 1758 quidem
432 1681 609 1758 quemquam
631 1673 783 1752 sicarium,
809 1676 902 1759 longe
924 1677 981 1738 ab·

61 1777 118 1822 sum
144 1762 179 1823 ab
202 1760 353 1824 eiusmodi
376 1759 510 1822 crimine.
557 1757 706 1822 Permulta
729 1764 808 1836 sunt,
833 1777 900 1841 quae
922 1759 982 1822 dici
1082 1795 1099 1832 s

60 1850 189 1922 possunt,
222 1859 320 1926 quare
348 1843 542 1926 intelligatur,
568 1859 712 1906 summam
733 1843 787 1905 tibi
809 1841 981 1907 facultatem

60 1925 145 1990 luisse
172 1926 315 1990 maleficii
346 1927 543 2008 suscipiendi,
581 1944 649 2008 quaa
668 1943 731 1988 non
752 1925 842 1988 modo
865 1927 980 1990 idcirco

59 2017 206 2089 pretereo,
231 2009 316 2093 quod
338 2016 368 2073 te
389 2011 486 2091 ipsum
509 2028 569 2074 non
587 2009 717 2071 libenter
732 2027 854 2088 accuso,
874 2027 980 2073 venum

61 2109 93 2154 co
119 2095 212 2178 magis
246 2094 357 2170 etiam,
387 2093 478 2175 quod,
511 2093 538 2157 si
564 2093 602 2156 de
628 2093 688 2160 illis
726 2093 859 2157 caedibus
886 2094 979 2156 'velim

62 2193 300 2254 commemorare,
355 2195 402 2240 ure
431 2185 492 2240 tum
516 2176 604 2240 facta
628 2183 697 2240 sunt
718 2179 775 2240 ista
799 2178 903 2241 eadem
924 2194 979 2240 ra-

60 2260 141 2338 tione,
172 2279 230 2344 qua
254 2260 325 2324 Sex.
375 2261 477 2324 oscius
500 2262 620 2324 occisus
640 2267 697 2340 cst,
728 2279 848 2341 uereor,
879 2277 918 2324 ne
941 2261 979 2326 ad

61 2342 156 2423 plures
178 2345 280 2408 oratio
302 2362 368 2406 mea
389 2344 542 2424 pertinere
566 2344 710 2407 rideatur.

132 2427 294 2518 llideamus
317 2445 396 2490 nunc
410 2429 554 2505 strictim,
588 2429 666 2492 siout
687 2435 800 2504 cetera,
822 2445 889 2510 qua
909 2433 980 2510 post
990 2443 1025 2493 es
1043 2418 1107 2492 34.

62 2518 175 2575 mortem
204 2511 278 2577 Sex.
306 2509 409 2573 Roscii
439 2511 492 2574 abs
519 2517 569 2591 te,
605 2511 638 2574 Τ.
660 2512 762 2590 Rosci,
793 2510 872 2574 facta
891 2520 979 2588 sunt;

63 2611 119 2672 qua
143 2596 183 2658 ita
213 2600 318 2678 aperta
349 2599 379 2656 et
409 2593 570 2658 manifesta
598 2601 679 2673 sunt,
709 2603 743 2659 ιιι
764 2594 980 2673 mediusfidius,

63 2673 175 2757 iudices,
197 2679 309 2741 invitos
332 2696 369 2741 ea
394 2677 499 2741 dicam.
544 2678 662 2741 Vereor
685 2679 776 2756 anim,
799 2679 982 2742 cuicuimodi

64 2775 101 2837 es,
126 2761 157 2824 T.
184 2762 287 2838 Rosci,
322 2779 361 2824 ne
393 2762 434 2824 ita
462 2761 543 2824 huno
566 2762 671 2825 uidear
691 2763 825 2826 voluisse
847 2781 982 2840 servare,

64 2847 90 2902 ιι
106 2844 155 2906 tihi
177 2844 301 2908 omnino
326 2860 387 2908 non
417 2847 616 2926 pepercerim.
663 2845 760 2919 Quum
789 2846 849 2908 hoc
872 2863 983 2910 vereor

65 2930 89 2984 et
108 2929 192 3010 cupio
211 2929 266 2992 tibi
286 2928 387 3013 aliqua
409 2935 559 3010 exparte,
577 2929 658 3011 quod
678 2930 762 2992 salva
782 2929 840 2992 lule
855 2933 982 3012 possim,

65 3023 195 3088 parcere,
224 3029 332 3076 rursus
361 3013 485 3075 immuto
515 3014 701 3076 uoluntatem
736 3031 842 3077 meam.
892 3013 983 3077 Venit

66 3093 134 3154 enim
156 3096 227 3158 mihi
257 3097 288 3159 in
318 3102 446 3158 mentem
469 3097 532 3158 oris
556 3095 606 3158 iui.
650 3096 743 3173 Tene,
776 3116 865 3180 quum
888 3098 983 3160 ceteri

67 3176 131 3238 socii
151 3179 191 3241 tui
214 3179 358 3262 lugerent
380 3197 415 3242 ac
436 3197 472 3241 sa
493 3179 690 3253 occultarent,
711 3186 744 3242 ut
761 3180 821 3243 hoc
839 3181 982 3244 iudicium

67 3271 117 3320 non
146 3260 182 3324 de
209 3263 332 3326 iRorum
355 3263 474 3343 preda,
501 3262 555 3325 sed
575 3261 613 3324 de
636 3263 726 3326 huius
746 3265 893 3328 maleficio
917 3262 984 3326 lieri

67 3338 215 3417 videretur,
245 3346 433 3427 potissimum
458 3345 511 3408 tibi
532 3351 634 3428 partos
657 3349 731 3409 istas
753 3348 983 3430 depoposcisse,

67 3425 94 3480 ιιι
113 3426 140 3488 in
161 3428 272 3491 iudicio
296 3447 458 3492 versarere
490 3435 521 3491 et
534 3429 667 3494 sederes
689 3450 756 3494 cum
778 3430 983 3495 accusatore?

69 3519 118 3582 qua
138 3510 167 3572 in
182 3529 221 3574 rc
243 3513 318 3576 nihil
340 3513 423 3576 aliud
441 3516 625 3595 assequeris,
649 3514 708 3579 nisi
730 3521 764 3577 ut
787 3517 823 3578 ab
846 3514 984 3576 omnibus

70 3593 227 3658 mortalibus
261 3595 386 3658 audacia
416 3603 466 3660 lua
495 3604 700 3679 cognoscatur
730 3603 761 3660 et
791 3598 984 3682 impudentia.

71 3665 165 3738 Occiso
194 3677 263 3741 Sex.
291 3678 415 3758 Roscio,
446 3681 499 3762 qui
527 3682 643 3763 primus
667 3680 820 3744 Ameriam
846 3681 1034 3747 nuntiantes

71 3746 173 3846 Mallus
204 3760 347 3840 Glaucia,
377 3782 468 3845 quem
499 3763 560 3826 iam
591 3771 678 3828 antea
712 3766 881 3846 nominavi,
917 3773 986 3833 tuus

71 3832 150 3901 cliens
177 3848 206 3906 et
233 3845 401 3913 familiaris.
449 3846 528 3920 Ouid
550 3849 678 3926 attinuit,
701 3865 772 3913 eum
796 3852 987 3933 potissimum
1010 3869 1013 3874 ·
