2494 4314
266 259 318 312 ιιι
501 305 505 316 ,
570 243 805 312 onnrro
841 257 891 312 ιιι.

168 489 170 494 .
266 435 313 508 ct,
341 442 431 513 quum
454 415 739 512 advesperasceret,
769 430 887 494 occulta
903 427 946 493 ad
966 435 1090 512 ponent
1113 428 1184 492 llul-

266 515 351 578 vlum
378 519 582 596 pervenerunt
615 519 707 595 atqua
734 513 776 576 ibi
801 515 840 578 'in
867 513 1017 597 proximis
1045 513 1125 576 vlllls
1151 514 1184 575 ita

267 597 410 681 bipartito
431 595 564 675 luerunt,
582 603 615 659 ut
636 595 754 660 'liberis
775 603 929 661 intereos
951 604 981 660 et
1002 614 1082 679 pons
1100 598 1185 659 lntcr-

267 687 358 745 esset.
412 679 526 742 Eodem
546 686 643 742 autent
666 687 696 742 et
720 683 779 764 ipsi
801 684 868 745 sine
890 683 1069 762 cuiusquam
1093 681 1185 762 suspi-

240 763 244 772 '
267 767 358 828 ciona
381 764 490 826 multos
507 753 602 828 sortes
623 765 707 827 viros
730 766 960 843 odoramnus
981 781 1043 847 φο
1058 781 1098 826 en
1114 779 1186 846 pra-

266 847 518 912 lccturnlleatina
534 848 707 929 complures
722 849 856 912 delectos
874 849 1095 925 adolescentes,
1116 863 1186 928 quo-

267 949 334 994 rum
367 947 462 1012 opera
482 938 553 993 utor
585 931 707 994 assidue
738 933 769 994 in
793 935 839 996 rei
864 933 993 1016 publica
1015 931 1154 1012 presidio
1164 930 1185 1006 ¹,

240 1032 337 1079 scum
357 1014 467 1097 gladiis
487 1016 637 1076 miseram.
685 1014 805 1078 Interim
825 1018 912 1079 tertia
927 1014 993 1076 lere
1014 1009 1120 1097 vigilia
1138 1031 1185 1074 en-

267 1105 354 1174 acla,
386 1114 478 1180 quum
511 1099 571 1161 iam
601 1103 723 1181 pontem
755 1099 895 1163 blulvinm
924 1109 1036 1181 magno
1059 1097 1186 1160 comitatu

268 1181 362 1265 legati
393 1181 594 1264 Allobrogum
622 1181 742 1264 ingredi
771 1185 940 1266 inciperent
968 1194 1091 1264 unaque
1120 1179 1185 1241 Vol-

269 1269 404 1342 turcius,
436 1263 467 1326 fit
497 1266 527 1326 ln
553 1281 612 1328 eos
646 1269 791 1348 impetum
837 1266 1002 1329 educuntur
1028 1269 1058 1327 et
1080 1262 1186 1328 abillis

170 1367 175 1378 ·
271 1348 364 1432 gladii
387 1354 419 1410 et
440 1357 457 1410 a
479 1349 600 1411 nostris.
655 1348 715 1412 llea
741 1355 804 1412 erat
820 1351 1000 1431 pretoribus
1021 1353 1092 1411 nota
1115 1345 1187 1422 solis,

201 1433 225 1506 3
270 1431 469 1515 ignorabatur
489 1451 507 1494 a
531 1434 650 1495 ceteris.
694 1431 767 1496 'lum
790 1435 959 1496 interventu
981 1432 1130 1516 Pomptini
1148 1435 1187 1491 tt·

270 1533 332 1598 qua
353 1515 452 1578 Flacci
473 1532 586 1598 pugna,
608 1533 676 1598 quae
693 1523 758 1578 erat
777 1519 948 1593 commissa,
971 1515 1108 1578 sedatur:
1134 1511 1188 1574 lit·

273 1605 363 1677 tere,
386 1617 573 1681 quaecunque
595 1607 682 1662 erant
703 1601 732 1662 in
756 1615 794 1663 eo
816 1603 976 1677 comitatu,
1002 1599 1130 1682 integris
1151 1614 1187 1658 ει-

272 1683 353 1767 gnis,
374 1683 554 1766 praetoribus
577 1683 751 1760 madantum
775 1685 833 1766 ipsi
854 1683 1066 1765 comprehensi
1088 1681 1188 1752 adme,

273 1785 364 1848 quum
388 1767 446 1827 iarn
471 1766 690 1846 dilucesceret,
721 1767 917 1830 deducuntur.
971 1767 1074 1848 Atque
1089 1765 1188 1826 'honum

273 1849 405 1912 omnium
422 1849 572 1911 scelernm
592 1851 845 1931 improbissimum
862 1849 1098 1912 machinatorem
1114 1847 1188 1909 Cim-

271 1932 360 2012 brum
382 1931 541 1995 Gabinium
565 1936 663 1996 statim
685 1935 724 1997 ad
750 1951 815 2008 mc,
850 1934 1016 1996 nihildum
1040 1949 1075 1994 su
1114 1932 1188 1992 ioan·

272 2023 350 2094 tem,
378 2017 503 2092 rocavi;
536 2015 646 2079 deinde
666 2019 738 2080 item
760 2021 924 2081 arcessitur
942 2017 992 2079 ι’
1019 2016 1092 2081 Stati
1105 2017 1147 2077 ius
1167 2015 1190 2072 cl

203 2177 206 2182 Ι
273 2105 343 2182 post
369 2115 439 2162 eum
462 2097 495 2162 C.
519 2098 689 2183 Cethegum
727 2101 898 2165 tardissima
930 2107 1029 2163 autem
1060 2097 1190 2162 Lentulus

198 2181 202 2187 ’
274 2183 366 2260 venit,
387 2183 479 2245 credo
502 2183 584 2266 quod
607 2185 662 2246 ln⁸
687 2186 795 2248 litteris
815 2186 921 2250 dandis
940 2187 1051 2265 praeter
1069 2195 1190 2244 consuc-

150 2317 151 2322 ,
245 2266 407 2351 ntudlnam
421 2271 559 2350 proxima
574 2276 664 2330 nocte
680 2271 868 2352 vigilaverat.
893 2317 895 2330 .
912 2268 1010 2342 Quum
1028 2283 1104 2329 vero
1118 2279 1191 2327 sum·

232 2431 234 2434 Ι
275 2351 333 2412 mis
353 2351 413 2412 et⁴
444 2352 620 2415 clarissimis
641 2352 730 2416 huius
753 2354 880 2416 civitatis
900 2354 985 2425 virle,
1014 2351 1078 2432 qui,
1105 2348 1192 2412 andita

274 2441 328 2512 re,
358 2433 534 2515 naquantcs
556 2436 661 2514 adme
683 2455 772 2498 mane
793 2440 1014 2510 convenerant,
1048 2434 1160 2496 litteras
1179 2443 1192 2489 a

264 2534 326 2579 ‘rna
349 2519 434 2599 prins
458 2519 568 2600 aperiri
592 2537 680 2600 quam
704 2520 742 2582 ad
766 2527 902 2582 sonatum
923 2517 1038 2582 deterri
1061 2518 1193 2598 placeret,

275 2619 327 2677 ne,
350 2602 376 2663 si
400 2601 475 2662 nihil
496 2606 578 2664 esset
599 2602 760 2680 inventum,
782 2610 897 2665 temere
922 2621 938 2664 a
962 2618 1010 2662 me
1033 2607 1131 2663 tantus
1152 2605 1193 2658 tu-

275 2683 387 2745 multus
415 2685 544 2746 iniectus
567 2685 679 2746 civitati
710 2687 881 2763 videratur,
913 2685 1024 2768 negavi
1055 2703 1105 2746 me
1135 2695 1194 2743 asse

277 2766 445 2843 facturum,
475 2773 509 2828 ut
532 2767 571 2828 de
594 2769 731 2848 periculo
754 2770 877 2850 publico
900 2786 960 2831 non
984 2767 1022 2832 ed
1046 2763 1194 2830 consiliam

233 2925 234 2937 χ
278 2849 430 2932 publicum
453 2867 517 2910 ram
538 2851 686 2932 integram
707 2852 869 2916 deferrem.
910 2853 1040 2928 Etenim,
1063 2850 1194 2925 Quirites,

280 2935 472 3014 siem-quae
491 2937 578 2996 erant
600 2933 638 2995 ad
662 2948 709 2996 rna
731 2937 847 3012 delata,
869 2941 990 3018 reperta
1010 2953 1072 2999 non
1095 2934 1194 3003 essent,

274 3019 378 3077 ‘tamen
400 3033 459 3097 ego
483 3035 543 3080 non
567 3017 742 3097 arbitrabar,
764 3021 795 3081 in
817 3021 906 3082 tantis
930 3021 976 3081 rei
997 3019 1127 3100 publice
1145 3031 1193 3096 ce*

187 3179 191 3188 ι
272 3099 383 3187 ¹riculis
409 3117 479 3161 essa
501 3101 601 3162 mihi⁵
634 3104 754 3164 nimiam
777 3102 966 3186 diligentiam
986 3104 1194 3184 pertimescan-

169 3181 176 3196 ‘
249 3209 251 3215 ·
279 3183 362 3245 dam:
424 3181 565 3246 Senatum
597 3183 786 3267 frequentem
817 3187 977 3262 celeriter,
1017 3193 1050 3248 ut
1079 3181 1194 3260 vidistin

252 3266 381 3348 scodgi.
433 3266 533 3348 Atque
565 3270 679 3331 interca
709 3272 806 3333 statim
835 3271 987 3332 admonitu
1008 3269 1193 3346 Allobrogum

185 3373 191 3387 ¹
279 3347 315 3412 Ὀ.
337 3349 501 3432 Sulpicium
525 3359 695 3432 praetorem,
717 3353 825 3415 sortem
848 3356 955 3430 virum,
990 3354 1069 3426 misi,
1095 3350 1143 3434 qui
1163 3357 1205 3406 et'

280 3433 395 3497 edibus
418 3433 561 3518 Cethegi,
585 3435 612 3498 si
638 3437 708 3516 quid
728 3438 855 3500 telorum
879 3445 980 3515 essct,
1005 3436 1141 3509 aberret,
1161 3444 1193 3489 ct

282 3517 390 3598 quibus
413 3519 464 3580 ille
486 3520 649 3581 maximum
677 3521 805 3584 sicarum
835 3539 991 3583 numerum
1026 3515 1192 3602 et‚gladio-

212 3599 236 3672 4
278 3619 345 3663 rum
368 3603 480 3665 extulit.
528 3602 680 3666 lntroduxi
695 3604 881 3668 Vulturcium
898 3607 965 3669 sina
981 3603 1097 3677 Gallis3
1118 3600 1192 3662 tuen

232 3865 235 3869 Ι
286 3771 287 3780 ¹
320 3761 517 3888 1,σιιιιιιῖ--ιιι
538 3827 565 3860 rc
585 3827 610 3876 p.
630 3815 734 3864 assidue
754 3819 821 3872 utor,
841 3813 972 3878 praesidio.
1011 3803 1187 3861 'codd-lt

318 3876 329 3906 ⁵
351 3893 396 3926 orn.
414 3894 447 3928 ιιι.
486 3879 497 3907 ⁴
518 3880 589 3930 codd.
607 3907 642 3917 -
660 3899 699 3934 ao.
738 3883 749 3913 ⁵
770 3881 851 3943 codd„
872 3881 927 3932 edd.
939 3889 997 3931 velt.
1011 3903 1047 3916 --
1060 3880 1118 3932 mihi
1131 3889 1186 3927 estt-
