2546 4310
278 229 315 280 dm
625 221 857 278 ORATIO

280 399 499 466 Romanorum1
526 411 586 458 unc
609 394 714 459 nuntio
737 400 827 478 atque
850 413 912 460 uno
928 401 1068 479 tempore
1084 401 1214 475 necatis,
1255 443 1256 450 κ

281 500 342 566 quo
364 482 482 546 tandem
505 479 604 542 animo
626 497 696 542 esse
718 478 860 542 debetis?
893 479 999 564 Legati
1023 483 1214 564 quod-erant
1255 545 1256 550 ,

281 567 423 650 appellati
454 561 634 644 superbius,
668 560 847 626 Corinthum
876 570 977 645 patres
1002 566 1096 628 uestri
1120 570 1215 630 totius

282 651 406 716 Graeciae
428 649 531 711 lumen
554 646 733 710 exstinctum
757 664 828 708 esse
851 645 1030 724 voluerunt3
1062 661 1122 712 uos
1147 668 1214 712 eum
1255 639 1256 684 ¹

280 752 387 817 regem
408 731 533 794 inultum
555 745 625 792 esse
652 729 826 809 patiemini,
859 731 911 812 qui
941 731 1075 813 legatum
1105 734 1215 814 populi

236 831 238 836 ·
281 815 408 880 Romani
423 812 612 888 consularem
629 812 758 874 maculis
775 831 811 874 ac
826 813 1004 878 verberibus
1023 820 1114 896 atque
1131 817 1215 878 omni

281 898 432 982 supplicio
448 895 666 958 excruciatum
699 897 842 958 necavit?
888 897 936 961 llli
966 897 1136 962 libertatem
1166 901 1214 961 ci·
1255 941 1256 988 p

282 985 363 1047 vium
385 981 586 1044 Romanorum
608 979 792 1040 imminutam
812 997 874 1042 nou
895 981 1043 1057 tuleruut3
1079 999 1138 1046 vos
1161 984 1213 1044 vi·
1255 991 1256 1024 ἒ

282 1074 341 1129 tam
364 1070 497 1146 ereptam
520 1061 709 1144 negligetis?
751 1063 800 1126 lus
832 1063 992 1146 legationis
1018 1065 1113 1128 verbo
1144 1066 1214 1129 uio-
1255 1049 1256 1136 l

213 1223 215 1232 s
282 1151 375 1213 latum
395 1149 439 1210 illi
461 1147 614 1229 persecuti
636 1150 722 1221 sunt;
751 1164 808 1208 vos
832 1147 962 1229 legatum
985 1150 1066 1211 omni
1091 1149 1214 1232 suppli-

237 1235 331 1299 1acio
353 1229 542 1375 interfectpm
561 1227 766 1309 relinquetis?
796 1229 913 1309 Videte,
932 1249 983 1308 ne,
1003 1238 1036 1294 ut
1057 1232 1119 1294 illis
1141 1233 1213 1314 pul-

283 1315 466 1379 cherrimum
514 1314 559 1375 uit
590 1318 700 1374 tantam
731 1312 820 1375 vobis
850 1314 969 1396 imperii
992 1315 1124 1396 gloriam
1147 1323 1214 1377 tra-

283 1399 387 1477 deret,
415 1398 461 1461 sic
481 1397 568 1460 vobis
588 1395 793 1476 turpissimum
812 1397 852 1459 sit
873 1397 917 1482 id,
939 1398 1020 1478 quod
1041 1399 1213 1480 accepistis,

281 1483 360 1547 tueri
380 1487 409 1543 et
431 1495 614 1544 conservare
643 1496 706 1541 uon
729 1495 831 1561 posse.
888 1479 987 1558 Quid,
1019 1482 1101 1562 quod
1130 1483 1212 1545 salus

281 1567 436 1633 sociorum
447 1581 594 1628 summum
606 1563 636 1624 in
649 1562 818 1642 periculum
839 1581 874 1626 ac
886 1563 1047 1628 discrimen
1061 1567 1211 1629 uocatur?

213 1721 218 1734 ι
278 1667 344 1733 guo
360 1649 479 1711 laudem
501 1648 601 1709 animo
622 1644 705 1708 serre
727 1645 890 1708 debetis⁸t
912 1647 1018 1730 Regno
1037 1654 1082 1711 est
1099 1650 1211 1731 expul-

282 1733 356 1798 sus4
382 1730 606 1794 Ariobarzanes
629 1744 697 1808 rex,
719 1731 823 1792 socius
846 1732 952 1811 populi
973 1731 1100 1794 Romani
1124 1739 1212 1814 alque

283 1817 417 1896 amicus3
459 1813 615 1876 imminent
636 1810 696 1873 duo
717 1831 809 1894 reges
831 1815 884 1876 toti
905 1814 1005 1894 Asiae,
1029 1833 1092 1878 non
1112 1805 1210 1879 solum

282 1899 371 1963 vobis
389 1896 607 1974 inimicissimi,
652 1893 708 1958 sed
738 1896 828 1958 etiam
860 1898 970 1962 vestris
1002 1900 1097 1962 sociis
1121 1907 1210 1980 atque

201 2007 208 2020 „
282 1982 406 2058 amicis;
428 1981 563 2043 civitates
581 1984 681 2042 autem
695 1996 800 2042 omnes
814 1987 920 2043 cuncta
933 1981 1008 2044 Asia
1024 1987 1113 2063 atque
1126 1983 1210 2046 Gra-

283 2067 331 2130 cia
345 2068 477 2128 vestrum
495 2062 638 2125 auxilium
654 2065 832 2144 exspectare
852 2071 979 2146 proptor
995 2067 1125 2146 periculi
1145 2085 1210 2128 ma-

176 2193 178 2198 ·
282 2146 469 2233 gnitudinem
486 2151 653 2228 coguntur3
672 2146 882 2228 imperatorem
893 2148 1006 2211 avobis
1018 2156 1138 2218 ⁴certum
1154 2151 1210 2212 de-

281 2248 423 2314 poscere,
433 2247 523 2312 quum
531 2230 697 2310 presertim
707 2247 762 2292 vos
772 2230 861 2294 alium
876 2233 1029 2307 miseritis,
1046 2251 1210 2315 nequeau-

283 2316 364 2393 deut,
384 2331 485 2396 neque
498 2331 533 2376 sc
545 2313 593 2376 id⁶
614 2312 717 2376 facere
729 2314 796 2376 siue
808 2319 941 2377 summo⁶
966 2316 1105 2398 periculo
1118 2335 1210 2399 posse

176 2431 178 2440 ι
237 2418 272 2469 13
284 2399 475 2464 arbitrantur.
520 2396 631 2459 Vident
651 2403 681 2459 et
702 2398 834 2460 sentiunt
854 2397 913 2460 hoc
931 2398 1022 2478 idem,
1044 2400 1127 2481 quod
1145 2417 1210 2478 vos,

138 2501 147 2510 ·
282 2501 375 2548 unum
389 2483 487 2545 virum
511 2497 592 2557 esse,
613 2481 645 2543 in
664 2497 724 2561 quo
748 2497 863 2544 summa
885 2482 945 2544 sint
963 2483 1072 2560 omnia,
1095 2490 1126 2545 et
1144 2501 1210 2545 eum

282 2567 434 2650 propter?
460 2581 529 2628 esse
552 2563 627 2645 (quo
652 2564 742 2625 etiam
763 2571 910 2628 carentae
949 2565 1021 2646 ius),
1044 2567 1131 2630 cuius
1155 2567 1209 2628 ad-

281 2656 374 2713 uentu
393 2650 462 2730 ipso
484 2653 573 2728 atque
597 2647 730 2725 nomine,
752 2649 871 2710 tametsi
894 2649 947 2710 ile
971 2650 1009 2712 ad
1025 2651 1210 2731 ‚maritimum

281 2733 394 2796 bellum
408 2733 536 2819 venerit,
560 2735 660 2792 tamen
676 2730 804 2812 impetus
820 2731 952 2797 hostium
967 2751 1129 2815 repressos
1143 2752 1211 2797 esse

281 2815 454 2898 intelligunt
475 2831 511 2876 ae
527 2813 704 2876 retardatos.
743 2814 781 2885 lli
797 2831 863 2892 vos,
886 2816 1027 2897 quoniam
1047 2817 1144 2879 libere
1162 2816 1209 2879 lo-

282 2899 334 2984 qui
359 2916 422 2961 non
443 2897 523 2973 licet,
548 2897 638 2959 tacite
658 2905 783 2979 rogant,
800 2903 833 2959 ut
854 2916 1040 2980 aequoque,
1062 2902 1142 2963 sicut
1158 2919 1210 2962 ce-

280 2988 413 3045 terarum
426 2981 650 3062 prouinciarum
665 2982 779 3067 socios,
798 2981 907 3064 dignos
920 2983 1109 3063 existimetis,
1131 3002 1211 3066 quo-

280 3083 349 3129 rum
369 3065 497 3127 salutem
521 3063 575 3125 tali
594 3065 660 3126 uiro
683 3063 909 3144 commendetis
931 3072 1021 3148 atque
1042 3067 1102 3129 hoc
1123 3069 1210 3130 etiam

281 3149 398 3232 magis,
418 3147 499 3229 quod
529 3153 648 3212 ceteros
672 3147 709 3208 iu·
724 3149 910 3230 provinciam
940 3150 1116 3213 eiusmodi⁸
1153 3151 1209 3214 ho-

282 3233 378 3296 miues
400 3249 469 3294 cum
489 3229 616 3311 imperio
636 3231 793 3309 mittimus,
830 3238 884 3311 ut,
924 3233 1042 3296 etiamsi
1066 3234 1102 3296 ab
1123 3234 1211 3298 lroste

282 3314 461 3393 defendant,
492 3319 592 3376 tamen
612 3314 748 3398 ipsorum
770 3314 915 3380 adventus
936 3317 968 3379 in
990 3318 1083 3392 urbes
1106 3319 1209 3382 socio-

317 3555 328 3586 ¹
349 3552 382 3606 Ε.
407 3577 442 3590 -
469 3560 508 3604 tot
533 3552 582 3602 civ,
601 3551 675 3605 Rom.
694 3552 746 3607 mil.
769 3606 775 3626 ι
802 3555 994 3623 ’relinquere
1052 3557 1064 3588 ³
1085 3575 1131 3609 ora.
1159 3558 1207 3624 qud

275 3629 278 3646 ¹
315 3624 422 3676 tandem
440 3647 474 3658 -
494 3620 620 3673 debetis?
678 3621 741 3674 4Ε.
760 3651 794 3660 -
815 3641 874 3692 exp.
896 3636 942 3678 ast.
1006 3625 1111 3690 ⁵cedd.
1128 3641 1210 3677 corner

315 3693 489 3744 ceaddam.
507 3692 588 3742 -id
607 3707 645 3743 se.
699 3691 712 3724 ⁶
732 3693 763 3744 Ε.
782 3719 818 3730 -
836 3712 939 3747 summo
958 3695 1024 3748 sine.
1081 3697 1094 3725 ⁷
1116 3712 1207 3764 prope.

317 3761 390 3823 ¹1⁴2,
416 3760 478 3824 cot,
508 3759 593 3821 Verri„
622 3769 765 3813 ceterorum
782 3767 869 3830 vestig.
890 3765 983 3832 (quani
1003 3783 1026 3817 e.
1046 3762 1157 3829 ciuem.)
1178 3788 1208 3800 -·

316 3845 393 3896 quam
410 3838 523 3893 ceteros,
543 3831 613 3895 quod
633 3831 725 3885 cluam.
747 3834 773 3884 iu
791 3849 866 3898 prov.
