2546 4310
289 227 480 306 nv]

245 445 247 450 .
326 389 394 448 l'ost
414 387 585 462 superiorem
605 388 693 462 igitur
713 391 837 448 nostram
860 385 1009 448 editionem
1031 390 1060 449 in
1076 388 1162 450 dioe-

237 470 315 532 rouis
341 468 514 530 orationibus
538 477 584 529 aut
606 472 732 530 ommibus
756 479 802 530 aut
825 474 1010 548 compluribus
1032 480 1079 531 aut
1099 477 1162 534 siu-

74 611 80 626 ,
175 593 178 599 -
237 555 311 630 gulis
335 555 371 612 ein
388 555 443 627 iis,
466 571 527 630 que
549 557 604 614 boc
624 556 698 614 libro
720 558 912 629 continentur,
926 558 1111 616 „emendandis
1134 566 1164 616 et

238 640 275 696 ad
295 633 392 697 veram
412 639 528 696 formam
550 639 722 700 revocandis,
741 640 933 712 elaborarunt,
956 657 1070 713 quorum
1095 642 1162 715 qui-

1 738 2 741 ’
89 687 112 768 ’-
164 753 176 786 f
237 723 300 780 dem
322 721 413 796 alique
431 723 497 779 niilui
515 723 586 780 ratio
606 723 732 780 habenda
755 723 817 780 visa
840 724 885 795 sit,
908 721 1043 797 lllotnins,
1065 725 1162 782 Stein-

132 871 136 884 ζ
236 807 362 877 metuius,
385 805 540 864 beueckius
563 805 607 881 (in
627 813 710 864 oreti.
733 805 767 864 de
787 808 853 882 imp.
876 809 980 880 Pomp,
1000 825 1053 881 pro
1074 801 1161 880 lig‘u-

236 892 292 962 rio,
314 906 366 962 pro
389 889 533 960 Deiotaro,
563 907 616 964 pro
638 886 768 962 Archia),
793 889 912 947 Orellins
938 891 979 959 (in
1003 897 1087 948 orati.
1111 909 1161 948 se-

235 974 317 1030 lectis
338 973 408 1043 llV,
430 973 503 1029 inter
525 990 593 1046 quius
617 979 679 1030 suat
700 973 736 1030 de
758 974 823 1047 imp.
846 975 958 1047 Pomp,
981 973 1160 1048 Catilinarim,

120 1101 127 1114 ,
239 1073 291 1130 pro
310 1055 433 1127 Ligario,
455 1072 507 1129 pro
528 1057 679 1128 Deiotaro,
694 1073 746 1131 pro
768 1055 881 1128 Archia,
905 1057 1067 1138 Philippicae
1088 1058 1160 1130 due,

235 1147 293 1196 tum
314 1139 463 1212 separatim
486 1139 515 1195 in
536 1137 705 1211 Rosciana),
734 1140 877 1196 Buechner
899 1139 942 1214 (in
964 1147 1033 1198 orat
1056 1158 1108 1214 pro
1131 1140 1159 1199 L.

234 1222 364 1292 Roscio),
386 1221 619 1296 Stucreaburgius
631 1222 674 1297 (in
691 1230 752 1280 orat
770 1240 822 1296 pro
836 1222 953 1294 Archia,
976 1224 1052 1280 cuius
1069 1231 1160 1282 tamen
1225 1239 1228 1244 ·

236 1307 324 1362 altera
348 1305 471 1362 editione
492 1323 557 1362 usus
581 1322 636 1363 non
658 1303 751 1378 sum),
773 1306 909 1362 Soldauus
934 1301 974 1383 (in
1000 1314 1081 1364 osolt.
1106 1325 1159 1380 pro

234 1388 350 1460 ligario
374 1394 403 1445 et
423 1404 475 1460 pro
499 1389 657 1457 Deiotaro).
703 1388 771 1446 Nam
793 1387 944 1446 Freuudius
973 1390 1002 1446 in
1032 1391 1159 1448 oratione
1266 1443 1271 1464 ,

233 1471 384 1529 Miloniana
405 1476 510 1528 tantum
531 1472 681 1544 imaginem
703 1471 810 1530 codicis
831 1471 1001 1530 Erfurtensis
1027 1473 1159 1530 exhibere

234 1555 333 1613 voluit.
379 1553 422 1610 Ex
450 1555 494 1612 lris
525 1555 645 1614 orellius
674 1563 703 1613 et
727 1555 852 1612 lllolzius
882 1572 942 1612 mee
972 1554 1094 1612 editione
1115 1559 1159 1614 usi

234 1642 331 1710 sunt„
349 1642 393 1711 ut,
426 1638 479 1695 nisi
500 1639 581 1696 huius
603 1639 830 1696 cousuetudinem
852 1655 980 1711 nossem,
1012 1637 1159 1696 miraturus

82 1805 84 1812 J
119 1764 122 1769 .
233 1721 350 1793 luerim,
385 1721 409 1778 si
432 1722 502 1781 nihil
525 1721 620 1795 aliud,
650 1722 746 1796 quisi
769 1722 797 1778 iu
821 1718 1158 1780 mentemvenissettam

234 1805 361 1878 gloriose
389 1805 436 1862 illa
466 1805 508 1872 (iu
538 1805 704 1878 prelatione
727 1803 809 1878 primi
828 1805 976 1874 voluminis
1000 1823 1026 1880 p.
1047 1805 1159 1880 lllllll)

234 1881 269 1945 de
291 1887 419 1945 oratioue
441 1885 586 1959 Ligariana
609 1903 624 1942 a
646 1905 677 1944 se
701 1886 791 1962 primo
824 1905 859 1944 ex
891 1889 990 1946 misera
1016 1889 1158 1964 deprava-

232 1971 310 2027 tione
339 1969 374 2025 ad
387 1971 539 2040 meliorem
567 1971 683 2028 formam
712 1977 843 2029 revocata
868 1973 1008 2046 scribere,
1033 1971 1072 2029 ·iu
1100 1988 1158 2046 quo

233 2055 317 2111 etiam
339 2052 475 2111 Wunderi
497 2053 598 2111 oblitus
621 2061 672 2112 est.
714 2054 868 2111 Beneckins
891 2072 980 2112 meum
1001 2056 1158 2130 exemplum

231 2135 357 2222 naucipci
388 2153 419 2210 se
451 2137 575 2210 potuisse
608 2144 712 2210 negat,
746 2154 836 2212 neque
868 2125 955 2196 ceteri
986 2138 1159 2220 habueruut3

232 2236 296 2296 narn
319 2219 478 2294 redemptor
497 2237 593 2295 parum
617 2227 781 2291 curaverat,
817 2227 847 2277 ut
877 2223 948 2278 liber
978 2221 1014 2278 ad
1043 2229 1157 2280 exteros
1269 2240 1271 2251 ·

232 2303 401 2387 perveniret.
434 2303 491 2361 Sed
507 2304 633 2362 criticum
647 2310 817 2379 apparatum,
841 2305 957 2382 prolatis
976 2305 1056 2362 nouis
1073 2305 1158 2362 codi-

233 2403 295 2443 cum
316 2386 482 2460 scripturis,
514 2395 617 2462 praeter
637 2387 820 2460 Freundium,
850 2388 896 2460 qui
918 2389 1079 2460 nonnulla,
1095 2405 1157 2460 quae

122 2505 136 2519 -
231 2469 369 2528 Wunderi
401 2470 575 2543 diligentiam
606 2472 635 2529 iu
666 2471 767 2530 codice
797 2470 960 2528 Eriurtensi‘
984 2471 1157 2528 conferendo

231 2551 401 2625 lelelleranl,
423 2554 562 2628 suppleuit
582 2571 616 2611 ac
638 2553 772 2625 correxit,
794 2559 928 2611 auxerunt
950 2553 1174 2626 Steinmetuius„

232 2636 280 2709 qui
308 2640 399 2694 tamen
426 2654 523 2711 parum
552 2637 644 2712 perite
676 2645 704 2695 et
732 2636 882 2710 diligenter
911 2637 1055 2695 codicibus
1089 2655 1157 2694 usas

232 2725 275 2776 est
297 2717 368 2794 (vid.
391 2736 487 2794 opusc.
510 2737 571 2778 meo
592 2717 671 2778 acad.
693 2716 828 2798 p.·17o),
858 2719 987 2793 Opellius,
1009 2721 1056 2794 qui
1079 2737 1156 2794 pse-

23 2813 27 2824 “
136 2857 139 2862 ,
229 2808 356 2875 torquem
378 2803 453 2876 quod
481 2805 509 2860 iu
540 2805 711 2863 orationibus
741 2820 793 2878 pro
823 2804 934 2876 Ligario
949 2809 994 2862 ,et
1021 2804 1171 2861 Deiotaro.

141 2892 146 2896 ’
232 2884 340 2943 codicis
373 2885 515 2946 Leideusir
548 2888 621 2944 iuter
650 2881 781 2943 *meliores
812 2887 979 2944 numerandi·
1003 2887 1166 2960 scripturas·

232 2967 340 3040 attulit,
374 2986 501 3042 magnam
525 2971 624 3027 meruit
647 2969 791 3026 Ciceronis
815 2969 1001 3038 studiosorum
1025 2971 1154 3043 gratiam,

231 3069 313 3125 quum
335 3053 364 3109 in
386 3052 555 3110 Catiliuoriis
576 3053 693 3111 duorum
709 3047 835 3109 codicum
853 3059 1023 3112 vetustorum
1040 3059 1069 3110 et
1085 3069 1155 3125 per-

230 3135 376 3206 bonorum‚
394 3135 609 3209 Tegernseensis
619 3143 647 3192 et
660 3134 889 3209 Rhenaugiensis,
907 3138 1058 3213 scripturas
1072 3137 1155 3210 plene

184 3223 187 3226 '
231 3222 411 3276 etaoourate
435 3219 594 3292 adnotavit,
617 3218 763 3290 Soldauus,
788 3221 885 3293 quiin
909 3220 1079 3278 orationibus
1100 3235 1154 3292 pro

230 3300 344 3372 bigorio
363 3308 390 3357 et
411 3301 544 3360 Deiotaro
561 3303 747 3376 compluribus
767 3304 913 3361 codicibus
930 3302 1154 3374 Guelferbytanis

231 3389 260 3439 et
280 3381 490 3442 blonaoeusibus
512 3403 576 3442 usus
603 3391 662 3458 est,
686 3393 827 3460 postremo
852 3385 1026 3458 beneclsius,
1056 3386 1102 3459 qui
1125 3385 1154 3442 in

232 3467 359 3524 oratione
382 3468 418 3524 do
441 3469 559 3542 imperio
581 3465 716 3543 Pompeii,
738 3469 869 3548 adhibitis
891 3469 1035 3526 codicibus
1054 3469 1153 3525 llcuo-
1216 3517 1221 3524 ,

169 3571 171 3584 =
231 3550 370 3622 censibus,
392 3549 497 3624 eliecit,
514 3557 544 3608 ut
559 3552 593 3609 de
610 3551 779 3618 deteriorum
797 3553 924 3610 codicum
941 3553 1052 3610 familie
1069 3551 1153 3610 testi-

230 3633 325 3690 monio
348 3639 506 3692 constaret:
545 3633 675 3694 Momeuti
704 3642 795 3693 autem
827 3635 869 3692 he
899 3637 1075 3694 accessiones
1106 3634 1153 3691 la-

232 3714 309 3774 ciunt
330 3715 385 3776 illm
414 3708 524 3791 quidem
546 3718 629 3776 etiam
654 3719 682 3778 in
706 3715 807 3777 ceteris
835 3719 1006 3777 orationibus
1038 3717 1152 3791 aliquid,

231 3799 308 3858 uelut
327 3799 357 3858 in
378 3799 566 3878 Deiotariana,
586 3799 634 3862 ubi
656 3819 757 3861 summa
779 3807 823 3860 ost
843 3802 970 3861 codicum
993 3803 1076 3860 etiam
1097 3817 1153 3860 uon
