2546 4310
186 167 281 275 snb
301 219 400 277 SEX.
419 219 601 276 boscio
620 222 840 279 Autumno
945 229 979 284 1⁵

63 394 115 479 ipsi
134 395 251 458 incensi
273 398 342 457 sunt
362 392 480 472 studio,
517 394 599 476 quod
620 396 660 458 ad
684 415 791 480 agrum
816 393 978 462 colendum

62 479 167 559 attinet,
189 480 341 560 vitamque
363 477 442 540 bano
465 479 618 559 rusticam,
649 481 738 562 quam
759 487 792 542 tu
812 480 927 563 probro
948 487 979 544 ct

62 563 183 628 criminis
202 567 292 645 putas
323 579 393 624 esse
424 565 583 644 oportere,
617 571 648 626 ot
671 563 920 632 ,honestissimam
948 569 979 628 et

62 647 261 710 suavissimam
291 662 361 708 esse
396 646 585 709 arbitrantur.
644 648 724 721 Quid
756 665 863 711 censes
899 647 980 712 bunc
990 659 1026 711 49

62 733 148 813 ipsum
170 729 242 795 Sex.
264 729 416 807 Roscium,
439 747 499 810 quo
521 730 621 794 studio
646 739 677 795 et
698 750 757 812 qua
778 731 980 815 intelligentia

64 833 122 878 esse
142 815 173 877 in
194 814 318 876 rusticis
338 812 460 875 rebus?
500 812 537 875 Ut
569 833 608 876 cx
629 815 676 878 bis
697 815 878 897 propinquis
901 817 980 896 eius,

63 898 221 962 bominibus
244 897 478 974 honestissimis,
503 896 604 976 audio,
628 915 691 960 non
714 903 746 961 tu
767 901 798 960 in
821 900 880 962 isto
902 899 980 962 arti-
1009 913 1011 930 ·

62 981 122 1044 licio
136 981 327 1045 accusatorio
350 979 541 1044 callidiores
562 991 651 1062 quam
672 980 722 1042 bic
745 983 777 1044 in
801 1000 867 1045 sno.
913 980 981 1066 Vq-

62 1083 136 1144 mm,
167 1071 199 1128 ut
223 1065 355 1146 opinor,
384 1064 526 1144 quoniam
553 1065 594 1126 ita
623 1063 827 1148 Chrysogono
849 1063 980 1145 videtur,
1060 1071 1072 1082 ‘

63 1149 107 1229 qui
124 1148 193 1212 huic
214 1148 333 1210 nullum
355 1147 500 1230 praedium
521 1147 653 1228 reliquit,
675 1155 706 1210 et
723 1147 878 1212 artificium
898 1149 980 1212 obli-

62 1233 181 1296 viscatur
202 1237 233 1295 et
261 1230 394 1294 studium
416 1230 564 1313 deponat,
592 1231 703 1294 licebit.
751 1230 840 1305 Quod
860 1232 981 1297 tametsi

61 1315 192 1379 miserum
215 1322 246 1378 et
268 1313 426 1398 indignum
450 1319 506 1394 est,
541 1314 621 1378 ieret
640 1315 740 1379 tamen
753 1332 849 1398 'aequo
869 1318 981 1397 enimc,

62 1397 176 1479 iudices,
199 1399 226 1463 si
249 1413 309 1482 per
329 1415 386 1462 vos
404 1398 494 1460 vitam
517 1405 546 1461 et
568 1399 678 1462 lamam
697 1401 802 1482 potest
822 1401 981 1478 obtinero;

62 1480 114 1544 lmc
133 1499 204 1546 vero
226 1489 293 1562 est,
326 1482 408 1566 quod
429 1481 505 1544 ferri
525 1499 587 1545 non
609 1485 727 1563 potest,
757 1483 784 1547 si
804 1485 882 1546 etin
902 1483 982 1552 batto

63 1565 250 1631 calamitatem
279 1566 363 1628 venit
389 1571 515 1648 propter
543 1566 727 1647 praediorum
755 1565 920 1629 bonitatem
950 1572 982 1630 ct

63 1650 269 1715 multitudinem
304 1655 355 1726 et,
389 1648 472 1730 quod
499 1665 541 1716 ca
560 1643 698 1712 studiose
721 1649 834 1727 coluit,
866 1649 898 1713 id
924 1650 982 1712 erit

63 1731 89 1793 ei
106 1735 231 1798 mammo
251 1732 366 1812 fraudi,
387 1737 421 1796 ut
441 1749 548 1813 parum
569 1732 701 1795 moerim
721 1733 772 1810 sit,
804 1732 899 1814 quod
913 1733 981 1797 aliis

65 1816 167 1894 coluit,
197 1835 262 1881 non
292 1815 371 1893 sibi,
402 1815 462 1878 nisi
484 1815 590 1894 edam,
623 1816 706 1897 quod
730 1815 853 1905 omnino
876 1815 981 1896 coluit,

64 1901 169 1964 mimini
191 1900 294 1965 luerit
348 1898 403 1964 Nc
423 1905 475 1978 tu,
503 1897 614 1979 Eruci,
643 1905 804 1963 accusator
824 1917 911 1966 esses
933 1901 1028 1966 ri-so
1045 1901 1095 1976 18

65 1982 188 2065 demus,
223 1985 250 2050 si
282 1982 345 2048 illis
374 1982 560 2067 temporibus
581 1989 669 2047 nabis
693 2001 796 2062 esses,
831 1983 981 2067 quum'ab

64 2072 151 2132 mano
174 2067 419 2146 arcessebantur,
451 2067 503 2152 qui
525 2068 668 2130 consules
691 2066 807 2130 tierent
853 2065 982 2149 Etenim,

100 2151 110 2213 i
129 2169 261 2234 praeesse
282 2170 358 2235 agro
378 2150 507 2215 colendo
530 2147 676 2235 flagitium
696 2158 808 2233 putes,
841 2150 982 2235 proiecto

94 2237 304 2313 amabilium,
338 2254 427 2318 quem
458 2252 514 2299 sua
534 2251 625 2297 mann
652 2239 846 2316 spargentem
866 2253 982 2314 semen,

65 2317 110 2396 qui
130 2320 212 2384 missi
234 2323 331 2395 erant,
360 2323 576 2397 convenerunt,
603 2316 756 2380 bominem
775 2319 983 2402 turpissimum

66 2405 143 2482 atque
172 2402 452 2466 inhonestissimum
475 2400 636 2472 iudicares.
690 2401 731 2464 At
759 2400 886 2466 hercule
912 2420 983 2466 ma·
1031 2437 1033 2442 ·

66 2481 139 2550 iores
158 2487 257 2550 nostri
280 2486 374 2582 longe
397 2485 535 2548 aliter-et
555 2482 594 2547 do
615 2485 669 2548 illo
686 2489 716 2547 et
729 2484 769 2548 de
782 2487 893 2550 ceteris
909 2481 991 2549 tali-

66 2563 115 2630 bus
135 2570 440 2633 viris-existimabant.
471 2561 575 2652 ltaque
593 2585 633 2631 ex
647 2568 770 2631 minima
784 2571 982 2634 tenuissima-
1014 2616 1020 2623 .

67 2665 118 2730 quc
132 2671 165 2716 re
182 2653 308 2737 publica
322 2654 481 2717 maximam
497 2658 527 2716 et
543 2651 786 2750 florentissimam
800 2653 890 2716 nobis
902 2653 982 2716 roli-

67 2736 536 2905 titillamentis?
558 2736 983 2904 {litteralibus}

69 2903 93 2959 et
109 2903 228 2968 urbibus
251 2911 282 2967 et
295 2903 467 2968 nationibus
488 2923 554 2968 rem
571 2903 722 2986 publicam
736 2911 827 2987 atque
843 2904 904 2968 boc
920 2905 981 2968 im-

68 2985 172 3062 parium
195 2995 225 3052 et
245 2989 353 3072 populi
376 2988 512 3052 Romani
527 3004 639 3051 nomen
663 2994 819 3051 auxeramt.
873 2987 1025 3072 Nequcel

70 3081 120 3148 ego
139 3069 201 3135 bec
222 3091 260 3136 eo
281 3071 419 3157 profero,
442 3091 502 3155 quo
518 3071 704 3134 eonferenda
721 3072 780 3134 sint
797 3091 866 3136 cum
883 3073 980 3152 hisce,

70 3146 226 3236 dequibus
247 3175 328 3220 nunc
350 3157 529 3238 querimus,
559 3155 615 3218 sed
638 3155 768 3220 utillud
790 3156 943 3240 intelligas
956 3156 981 3233 ¹,

72 3249 149 3311 mum
169 3240 247 3323 apud
267 3241 400 3305 maiores
421 3246 543 3322 npstros
560 3239 668 3302 summi
683 3239 742 3303 uiri
759 3241 980 3320 clarissimique

71 3311 204 3403 homines,
221 3327 273 3408 qui
292 3326 525 3407 omnitempore
540 3322 578 3387 ad
591 3323 797 3407 gubernacula
816 3324 862 3386 rei
875 3323 981 3406 publi-

74 3413 110 3461 tae
129 3406 232 3472 sedere
253 3409 413 3488 debebant,
445 3407 597 3472 tamenin
619 3408 706 3491 agris
725 3425 848 3492 quoque
871 3407 981 3468 colen·
1069 3455 1072 3464 ,

74 3478 114 3574 §lit
142 3489 318 3574 aliquantum
351 3507 455 3577 opcrae
488 3491 695 3576 temporisque
728 3489 981 3572 consumpserint,

75 3573 180 3661 ignosci
199 3584 340 3660 oportere
363 3578 394 3641 ei
411 3576 537 3654 homini,
559 3575 611 3658 qui
632 3593 671 3639 se,
689 3573 819 3656 fateatur
835 3590 905 3638 esse
922 3589 980 3644 ru-

77 3653 184 3736 sticum,
216 3679 306 3744 maun
335 3661 399 3728 nari
423 3661 563 3728 assiduus
584 3676 706 3744 semper
726 3657 856 3739 vixerit,
888 3674 980 3740 quum

22 3767 25 3776 .
78 3771 284 3805 κ...-

109 3839 117 3870 ¹
135 3845 291 3922 intelligatur.
