2546 4310
277 231 334 304 ,Μ’
477 245 481 254 ’
624 233 935 300 OR'ATlss

286 417 334 476 ast
354 410 400 488 is,
429 409 482 494 qui
510 416 542 476 et
562 415 664 474 sector
683 413 730 473 est
748 413 779 472 et
799 407 947 488 sicarius,
980 407 1040 473 hoc
1062 415 1134 490 est,
1166 410 1212 492 qui

287 501 318 558 et
336 493 458 558 illorum
484 495 619 576 ipsorum
637 494 797 572 honorum,
821 492 989 575 dequibus
1011 496 1126 576 agitur,
1151 513 1213 556 em·

287 586 357 661 ptor
378 584 466 661 atque
486 593 649 660 possessor
671 583 716 639 est
738 581 768 639 et
800 595 869 641 cum
890 577 1042 640 hominem
1065 576 1212 640 occiden-

225 675 278 727 1⁰4
290 661 359 726 dum
389 662 522 738 curavit,
562 660 600 724 de
623 661 711 724 cuius
733 667 837 724 morte
860 662 1010 744 qucriur.
1058 660 1145 735 Quid
1176 668 1212 738 tu,

287 747 335 811 vir
357 744 492 828 optime?
529 743 638 825 ecquid
656 743 768 822 hahes,
800 745 882 827 quod
905 744 1016 807 dicas?
1057 743 1136 806 Mihi
1162 762 1213 807 au-

291 829 406 903 sculta;
448 827 534 906 vide,
568 845 607 890 ne
634 827 688 890 tihi
710 827 809 903 desis3
848 834 900 890 lua
921 845 1045 910 quoque
1064 846 1121 892 res
1143 845 1213 910 pcr-

286 931 397 996 magna
428 912 535 994 agitur.
586 910 678 996 hlulta
703 911 874 989 scelerate,
909 911 1002 974 multa
1036 911 1183 978 audacter
1195 910 1214 988 ¹,

287 999 381 1063 multa
404 995 541 1076 improbe
561 993 679 1070 iecisti,
719 1013 810 1059 unum
838 994 1031 1074 stultissime,
1072 994 1212 1076 profecto

222 1141 224 1148 .
288 1088 339 1146 tua
368 1084 497 1162 sponte,
535 1095 597 1141 non
626 1077 665 1140 de
687 1077 790 1146 Erucii
817 1079 984 1141 sententia:
1026 1079 1107 1142 nihil
1142 1092 1213 1158 opus

286 1165 362 1242 fuit,
401 1167 430 1224 te
454 1161 524 1224 istic
543 1161 672 1236 sedere3
709 1163 912 1242 nequeenim
934 1169 1115 1226 accusatore
1137 1166 1213 1223 muto

286 1265 387 1331 nequo
406 1250 483 1308 teste
508 1245 665 1328 quisquam
686 1245 778 1308 utitur
802 1263 859 1324 co,
891 1246 943 1326 qui
966 1245 1005 1308 de
1026 1244 1212 1308 accusatoris

287 1330 433 1398 subsellio
456 1329 562 1411 surgit.
618 1327 682 1391 lluc
704 1328 839 1408 accedit,
882 1328 963 1410 quod
989 1329 1095 1410 paullo
1119 1335 1214 1390 tamen

288 1414 437 1479 occultior
467 1416 555 1492 atque
584 1411 692 1474 tectim
723 1419 824 1474 vestra
855 1413 912 1475 ista
940 1412 1092 1493 cupiditas
1127 1414 1212 1474 esset.

286 1499 374 1564 Nunc
398 1495 548 1579 quidest,
570 1493 650 1578 quod
691 1496 828 1576 uisquam
854 1513 894 1558 ex
912 1497 1000 1558 vohis
1024 1496 1135 1559 audire
1160 1494 1212 1556 de-

289 1583 420 1659 sideret,
452 1598 558 1662 quum,
590 1595 656 1661 quae
671 1514 798 1655 (uncins,
838 1579 986 1643 eiusmodi
1007 1580 1085 1657 sint,
1123 1585 1159 1641 ut
1180 1593 1211 1636 ea

291 1667 390 1732 dedita
403 1682 499 1748 opera
512 1682 530 1726 a
543 1663 631 1727 nohis
649 1669 752 1724 contra
765 1668 883 1726 vosmet
895 1661 1091 1744 ipsosiacere
1107 1661 1211 1726 videa-

228 1769 279 1819 uos
290 1749 394 1814 minii.
424 1750 503 1830 Age,
535 1764 615 1810 ruunc
638 1745 689 1810 illa
711 1746 877 1822 videamus,
894 1747 1028 1824 iudices,
1056 1763 1128 1828 quae
1152 1751 1211 1808 sta-

178 1837 226 1913 37
290 1835 342 1898 tim
371 1835 531 1894 consecuta
569 1834 645 1892 sunt.
708 1827 756 1892 Ad
788 1829 961 1893 Volaterras
991 1830 1022 1893 in
1053 1836 1157 1892 castra
1182 1825 1210 1886 L.

288 1916 381 1982 Sullae
408 1931 489 1976 mors
512 1911 581 1976 Sex.
602 1911 704 1974 Roscii
729 1913 907 1994 quatriduo,
944 1931 1005 1996 quo
1036 1916 1062 1978 is
1094 1913 1211 1976 occisus

290 2007 355 2076 est,
394 1996 607 2078 Chrysogono.
626 1996 789 2088 nuptiatur.
823 1995 985 2070 Quaeritur
1010 1999 1099 2060 etiarn
1125 2010 1209 2068 nunc,

198 2093 200 2106 ·
290 2083 357 2166 quis
380 2099 448 2144 eum
471 2079 605 2142 nuntium
627 2079 766 2142 miserit?
806 2079 913 2143 Nonne
937 2083 1135 2163 perspicuum
1158 2081 1210 2149 est,

290 2164 437 2240 eundem,
479 2163 530 2244 qui
564 2162 742 2225 Ameriam?
783 2161 875 2226 Curat
908 2163 1148 2246 Chrysogonus,
1182 2163 1210 2220 ut

290 2250 357 2312 eius
381 2247 460 2308 hona
482 2252 611 2309 veneant
631 2248 748 2323 statim,
785 2247 836 2329 qui
864 2265 925 2311 non
950 2255 1036 2311 norat
1060 2248 1209 2311 hominem

290 2337 341 2396 aut
364 2348 437 2392 rem.
480 2330 595 2410 Atqui
622 2330 754 2392 eivenit
777 2332 809 2392 in
841 2337 971 2394 mentem
999 2330 1115 2413 praedia
1138 2345 1210 2392 con-

289 2417 448 2498 cupiscere
470 2413 601 2476 hominis
630 2414 747 2495 ignoti,
785 2431 874 2495 quem
898 2415 1019 2476 omnino
1052 2426 1208 2496 numquam

289 2497 432 2563 viderat?
475 2495 603 2568 Soletis,
635 2515 726 2578 (luum
751 2497 865 2579 aliquid
887 2497 1095 2561 huiuscemodi
1125 2493 1209 2560 audi·
1247 2521 1248 2526 ¹

289 2584 338 2662 tis,
371 2581 497 2658 iudices,
527 2580 676 2643 continuo
692 2580 810 2642 dicere:
840 2580 973 2644 Necesse
995 2587 1051 2659 est,
1083 2582 1207 2662 aliquem

291 2666 406 2729 dixisse
426 2664 606 2744 municipem
631 2669 681 2726 aut
701 2665 849 2740 vicinum3
887 2665 907 2726 ii
929 2664 1108 2747 plerumque
1131 2661 1208 2727 indi-

229 2756 376 2824 loucant;
411 2766 468 2830 per
496 2765 549 2809 eos
573 2748 712 2829 plerique
736 2747 912 2830 produntur.
967 2749 1023 2810 llic
1051 2749 1127 2812 nihil
1156 2749 1206 2816 est,

289 2832 371 2914 quod
395 2831 599 2913 suspicionem
623 2830 701 2894 hanc
721 2833 843 2913 putetis.
895 2831 963 2902 Non
987 2833 1067 2894 enim
1089 2851 1149 2916 ago
1171 2829 1207 2890 itu

289 2914 465 2997 disputabo:
503 2913 674 2984 Verisimile
696 2920 772 2993 -est,
808 2914 936 2979 Roscios
965 2917 1050 2978 istam
1078 2935 1144 2979 rem
1174 2907 1207 2973 ad

290 2999 522 3082 Chrysogonum
545 2997 707 3074 detulisse;
732 3000 894 3062 eratenim
916 3000 962 3062 eis
983 3017 1049 3062 oum
1073 2998 1206 3080 Chryso-

288 3100 372 3166 gono
395 3084 453 3144 iam
475 3087 562 3144 antea
588 3083 733 3157 amicitia3
756 3101 824 3144 nam
847 3101 938 3164 quum
959 3084 1069 3146 multos
1091 3090 1205 3146 veteres

290 3185 308 3230 a
339 3165 502 3229 maioribus
523 3163 626 3227 Roscii
658 3172 801 3246 patronos
830 3166 1026 3248 hospitesque
1056 3167 1204 3233 haberant,

290 3267 395 3312 omnes
418 3267 471 3312 eos
497 3249 599 3312 colere
624 3255 711 3330 atque
735 3249 899 3319 ohservare
922 3250 1100 3313 destiterunt
1120 3269 1156 3312 ac
1175 3261 1205 3307 se

226 3348 278 3398 1⁰7
288 3334 320 3397 in
337 3333 533 3415 Chrysogoni
548 3328 636 3394 iidem
652 3340 683 3395 at
704 3333 874 3396 clientelam
896 3334 1093 3398 contulerunt.
1141 3331 1205 3394 lieo

287 3435 411 3499 possum
434 3417 533 3479 omnia
554 3433 627 3478 vere
652 3417 772 3491 dicere;
795 3417 849 3480 sed
870 3419 902 3480 in
923 3417 980 3480 hae
998 3436 1089 3481 causa
1104 3415 1204 3479 conie-

236 3513 237 3522 ’
288 3507 371 3564 otura
396 3499 472 3562 nihil
495 3517 571 3581 opus
595 3505 649 3562 est.
696 3500 782 3582 lpsos
804 3507 889 3563 certo
919 3501 984 3564 scio
1003 3519 1065 3564 non
1087 3513 1204 3582 negare,

288 3583 326 3646 ad
355 3584 419 3647 hoec
440 3583 520 3646 hona
540 3582 774 3666 Chrysogonum
800 3585 968 3648 accessisse
991 3583 1123 3666 impulsu
1144 3595 1202 3644 suu·

287 3665 320 3730 Si
343 3684 428 3745 eum,
472 3667 523 3748 qui
551 3666 654 3730 indicii
677 3675 794 3750 partem
815 3669 985 3750 acceperit,
1018 3667 1118 3732 oculis
1140 3679 1203 3728 cer-

326 3860 334 3890 ¹
357 3861 497 3914 audaciter.
591 3890 592 3901 t
