2468 4318
283 209 337 260 ιιι
586 171 907 283 ouarroru.

281 374 441 460 profecto,
468 371 621 450 Quirites,
649 376 683 435 ut
703 389 762 451 eu,
790 389 860 454 que
879 372 1018 455 gessiiu
1038 385 1196 456 consuetu,

282 463 418 544 priuatus
441 464 529 521 tueor
548 461 639 538 atque
663 472 786 536 oruem,
810 462 861 534 ut,
894 456 922 519 si
944 467 1070 539 quaest
1095 462 1196 526 invidia

282 547 315 608 iu
338 539 546 622 couscwauda
570 539 749 620 republica
771 545 933 620 suscepta,
963 541 1051 605 ledat
1073 545 1196 625 inuidos,

278 629 353 692 mibi
376 626 476 690 ualeat
496 623 535 686 od
557 623 698 704 glorium.
742 623 883 704 Denique
907 624 950 686 ita
969 643 1018 688 mc
1040 627 1074 688 im
1097 646 1132 689 re
1147 649 1197 709 pu-

277 711 359 775 blica
377 707 522 784 cacabo,
544 713 578 768 ut
594 707 782 768 meminerim
803 724 936 788 sempor,
959 726 1027 788 qum
1047 713 1197 792 gesserim,

278 810 453 876 curemque,
474 797 509 854 ut
528 809 566 852 ea
590 791 710 869 virtute,
731 807 794 852 mou
818 808 902 867 casu,
922 797 1009 872 gesta
1031 811 1107 856 esse
1123 795 1196 857 uidc-

278 884 375 942 autur.
434 876 508 950 Vos,
536 873 679 948 Quirites,
710 875 852 954 quoniam
873 875 933 936 iam
953 892 1017 938 mox
1034 883 1092 954 est,
1114 897 1197 940 reue-

278 961 387 1024 ramimi
408 961 491 1024 illum
505 957 618 1034 Iouem,
639 957 794 1019 custodem
812 957 902 1020 buius
914 957 998 1021 urbis
1014 978 1052 1022 ac
1067 966 1196 1038 vcstnrm,

279 1053 371 1126 atquc
393 1046 424 1108 iu
446 1048 547 1107 uestra
564 1046 642 1103 tecta
659 1039 817 1116 discedite,
838 1047 868 1102 et
884 1059 931 1118 ca,
953 1061 1135 1124 quamquam
1149 1047 1195 1108 iam

278 1129 447 1212 periculum
470 1132 519 1188 est
538 1121 708 1206 depulsum,
736 1129 835 1203 tumeo
856 1141 943 1204 aeque
963 1145 1000 1188 ac
1020 1129 1130 1208 priore
1147 1146 1195 1190 mo-

260 1216 352 1276 ·cte¹
388 1208 535 1276 mustodiis
564 1207 740 1290 vigiliisque
770 1206 932 1270 defendite
987 1207 1020 1272 ld
1051 1229 1093 1274 ue
1123 1212 1195 1274 uobis

278 1297 392 1360 diutius
424 1290 596 1357 iaciendum
622 1292 679 1367 sit,
714 1296 805 1372 atque
830 1297 865 1354 ut
892 1291 925 1354 im
953 1301 1106 1376 perpetuu
1133 1311 1195 1378 paca

278 1397 349 1443 esse
369 1378 504 1460 possitis,
521 1374 726 1458 providebo.²

576 1635 911 1725 cadulo
1226 1755 1227 1764 ἵ

276 1771 384 1875 ΙΝ
444 1774 504 1875 L.
562 1768 1191 1875 CATILINAM

617 1916 922 2014 ousursq·

450 2057 673 2122 usurum
703 2060 760 2124 ιιι
791 2059 1025 2124 summum.
1100 2113 1103 2120 .

205 2189 225 2261 1
247 2140 413 2267 1Video,
443 2194 546 2269 patres
576 2189 762 2274 conscripti,
792 2191 824 2254 im
845 2209 894 2256 me
916 2191 1051 2272 ommium
1072 2201 1191 2258 vestrum

274 2283 443 2360 orantque
473 2278 580 2341 oculos
610 2296 680 2340 csse
710 2295 895 2355 conuersos5
938 2279 1027 2341 video
1058 2297 1116 2344 vos
1141 2294 1191 2340 mou

274 2363 373 2426 solum
398 2362 436 2424 de
460 2368 563 2426 vestro
589 2380 625 2424 ac
648 2361 694 2423 rei
721 2361 868 2444 publico,
902 2365 1140 2438 verumetiam,
1169 2357 1190 2420 si

274 2445 304 2509 id
327 2445 485 2528 depulsum
515 2449 574 2523 sit,
603 2444 642 2508 de
673 2462 741 2506 meo
772 2444 909 2526 periculo
939 2464 1010 2508 esse
1042 2447 1191 2508 sollicitos.
1225 2459 1226 2476 ¹

272 2530 326 2594 Est
350 2529 423 2592 mibi
450 2529 579 2592 iucunda
601 2530 632 2590 iu
656 2528 742 2590 usalis
772 2535 802 2592 et
829 2534 915 2612 grata
943 2530 976 2591 iu
1005 2529 1115 2592 dolore
1143 2544 1190 2589 re-

273 2620 336 2676 stra
359 2631 501 2696 ergarus
522 2613 678 2688 volumtos;
713 2611 867 2690 sedeam,
896 2630 953 2694 per
975 2611 1051 2675 deos
1072 2614 1189 2675 immor-

271 2697 366 2773 tales,
403 2695 570 2778 deponitc³
605 2701 694 2776 atque
722 2694 808 2758 obliti
829 2696 933 2759 salutis
956 2714 1031 2759 mcae
1054 2697 1092 2758 dc
1113 2693 1188 2758 vobis

270 2797 308 2842 uc
327 2777 365 2841 de
386 2779 490 2841 liberis
513 2779 621 2842 vestris
644 2780 784 2860 cogitate.
834 2778 934 2841 biibi⁴
968 2782 995 2842 si
1026 2779 1090 2842 baec
1120 2794 1188 2841 cou-

167 2867 171 2872 '
271 2861 351 2925 dicio
374 2863 547 2925 consulatus
570 2862 636 2923 data
659 2869 714 2940 est,
737 2867 770 2926 ut
791 2879 896 2924 ommes
919 2863 1107 2941 acerbitates,
1129 2878 1187 2922 om-

165 2963 171 2978 ·
269 2964 325 3008 mes
342 2945 463 3008 dolores
483 2947 692 3026 cruciatusque
706 2944 885 3025 perferrem,
906 2945 1002 3007 feram
1020 2964 1082 3008 mom
1100 2946 1186 3008 solum

156 3050 160 3056 ⁴
269 3027 408 3108 fortiter,
429 3031 559 3092 verum⁶
584 3030 672 3090 etiam
699 3029 843 3106 libenter,
866 3028 1026 3091 dummodo
1048 3029 1123 3093 ineis
1146 3027 1186 3087 la-

268 3112 394 3175 boribus
422 3113 510 3175 vobis
538 3112 714 3194 populoque
737 3112 872 3175 Romano
900 3113 1030 3194 dignitas
1053 3113 1185 3189 salusque

240 3196 411 3278 2pariatur.
460 3195 525 3277 Ego
555 3215 622 3259 surm
653 3197 705 3258 ille
737 3196 860 3274 consul,
891 3203 992 3278 patres
1022 3192 1185 3274 conscripti,

269 3279 319 3342 cui
341 3297 402 3342 mom
426 3278 545 3357 forum,
577 3280 609 3340 in
641 3297 701 3359 quo
733 3281 831 3343 ominis
861 3281 987 3361 aequitas
1017 3281 1184 3346 continetur,

266 3380 329 3425 uon
354 3380 486 3443 campus,
511 3362 723 3424 consularibus
745 3361 888 3444 auspiciis
904 3370 1109 3439 consecratus,
1131 3373 1182 3420 uon

267 3446 372 3524 curia,
394 3463 540 3508 summum
561 3445 705 3508 auxilium
727 3448 859 3508 ommium
880 3447 1031 3528 gentium,
1053 3463 1111 3508 mon
1132 3441 1182 3502 do-

267 3547 353 3606 mus,
376 3547 536 3591 commune
556 3527 748 3610 perfugium,
776 3547 837 3592 nom
858 3530 971 3608 lectus,
1000 3530 1039 3592 ad
1062 3528 1179 3609 quietem
1224 3585 1225 3588 ,

266 3611 371 3689 datus,
411 3629 473 3674 mom
506 3611 637 3692 denique
665 3612 730 3674 baec
756 3613 856 3676 tedes·
878 3613 1004 3677 honoris
1024 3604 1177 3694 umquam⁶

305 3749 315 3782 ¹
337 3750 410 3802 maa
427 3777 464 3788 -
482 3751 542 3804 aar.
560 3752 668 3803 recisus.
713 3751 727 3782 ²
749 3752 821 3804 cocu.
839 3751 967 3819 (satist.)
983 3781 1020 3792 -
1054 3731 1176 3807 roureto]

301 3817 426 3880 Quirites.
472 3821 604 3888 'queam
625 3821 759 3887 deponite.
805 3821 899 3874 ⁴biibi
918 3771 1053 3891 [quiidemY
1103 3814 1176 3870 ⁵⁶⁰⁶·

305 3884 317 3915 ⁰
338 3885 454 3953 honoris,
475 3889 540 3944 teliu
558 3891 664 3954 eurulis,
684 3905 815 3958 umquam.

546 4151 559 4185 Ο
