2490 4316
75 233 77 242 ¹
165 305 168 310 Ι
251 215 346 287 'aaa
632 225 909 318 οἰιιιτιιικ

243 399 363 464 solium
383 399 502 464 iturum.
536 398 606 474 Quo
626 404 762 482 tempore
783 415 844 482 ego
867 405 978 482 quanta
998 401 1079 466 mala
1099 401 1195 465 lloren-

288 483 413 546 tissimae
434 482 555 548 familie
573 483 678 547 sedavi
696 484 744 547 vel
764 483 866 564 potius
887 485 1021 548 sustuli?
1045 485 1121 547 Patri
1137 504 1196 566 per-

289 567 383 644 suasi,
405 572 438 629 ut
461 583 503 630 es
526 567 658 640 alienum
675 567 728 630 lilii
746 566 937 645 dissolveret,
956 569 1122 630 ¹redimeret
1136 569 1196 630 ado-

290 649 455 714 lescentem
477 666 592 712 summa
614 667 670 732 spe
693 655 723 712 ot
739 649 834 712 animi
865 657 896 712 et
924 651 1040 734 ingenii
1062 651 1196 734 praediton

288 734 336 798 rei
359 733 516 797 familiaris
536 732 747 811 facultatibus,
779 749 909 814 eumque
937 749 1000 796 non
1023 735 1114 796 modo
1136 737 1194 795 luol

288 816 509 895 familiaritate,
541 817 597 885 sed
621 817 709 880 ctiam
734 817 957 898 congressione
979 819 1079 898 patrio
1099 818 1159 879 iure
1174 823 1197 877 et

288 903 437 984 potestate
467 899 652 982 prohiberet.
706 899 777 968 llaec
806 906 838 962 tu
870 917 961 981 quum
990 919 1047 982 per
1077 919 1123 963 me
1147 906 1197 961 acta
1229 895 1230 936 ³

288 982 497 1060 meminisses,
526 985 584 1046 nisi
606 983 685 1062 illis,
713 1000 791 1064 quos
811 982 969 1061 videmus,
990 984 1101 1067 gladiis
1118 981 1196 1045 ooni-
1229 957 1230 1038 l

108 1093 110 1102 ’
175 1057 225 1132 19
243 1067 396 1144 arderes,
427 1065 594 1130 maledictis
616 1084 664 1130 me
684 1083 855 1149 provocare
878 1084 969 1130 ausus
994 1067 1107 1130 esses?
1150 1065 1197 1130 Sed
1229 1039 1230 1128 i

288 1151 348 1214 iam
369 1156 472 1233 stupra
495 1154 525 1212 et
544 1149 657 1233 flagitia
680 1150 868 1226 omittamus3
891 1155 962 1212 sunt
980 1150 1126 1232 quedam,
1145 1165 1197 1229 que
1229 1153 1230 1232 l

167 1304 168 1311 χ
287 1234 416 1298 boneste
435 1249 496 1296 non
518 1249 642 1314 possum
662 1233 782 1308 dicere;
827 1239 859 1294 tu
887 1239 985 1296 autem
1015 1250 1054 1296 eo
1080 1234 1197 1307 liberior,
1229 1245 1230 1310 l

287 1317 370 1400 quod
396 1334 434 1379 ea
457 1316 489 1378 iu
512 1322 542 1378 te
566 1316 731 1394 admisisti,
762 1333 829 1397 quae
853 1334 870 1379 a
894 1317 1069 1379 verecundo
1094 1315 1196 1378 inimico

287 1400 394 1464 audire
421 1415 483 1461 non
503 1415 623 1481 posses.
672 1399 732 1465 Sed
759 1400 909 1480 reliquum
932 1401 1000 1462 vite
1021 1417 1141 1464 cursum
1159 1398 1195 1458 vi-

287 1484 374 1560 dete;
414 1499 503 1566 quem
529 1483 650 1565 quidem
670 1483 812 1546 celeriter
835 1483 1055 1566 perstringam3
1090 1483 1126 1545 ad
1146 1482 1196 1542 beo

286 1568 385 1644 enim,
417 1583 484 1649 quae
511 1567 647 1630 incivili
670 1566 772 1644 bello,
802 1565 834 1629 in
858 1567 995 1630 maximis
1017 1565 1195 1649 reipublice

286 1651 419 1715 miseriis
438 1649 531 1728 lecit,
552 1650 637 1714 etad
659 1668 714 1728 ea,
734 1665 801 1731 que
822 1649 957 1730 quotidie
978 1648 1073 1729 facit,
1093 1649 1195 1712 festinat

286 1735 414 1800 animus.
470 1734 545 1808 Quae
571 1739 643 1815 peto
673 1739 722 1811 ut,
757 1750 937 1813 quamquam
967 1734 1064 1796 multo
1093 1731 1194 1796 notiora

225 1837 227 1844 ’
285 1817 374 1882 uobis
388 1835 478 1901 quam
500 1817 572 1880 mibi
591 1823 675 1895 sunt,
697 1823 808 1893 tamen,
830 1822 864 1879 ut
888 1815 997 1896 facitis,
1022 1821 1130 1880 attente
1148 1829 1192 1875 au-

285 1900 384 1967 diatis.
425 1900 523 1964 Debet
553 1901 633 1964 enim
657 1900 767 1963 talibus
796 1899 829 1962 in
857 1899 950 1962 rebus
980 1901 1115 1964 excitare
1139 1894 1193 1959 ani-

258 2043 260 2048 ,
284 2001 352 2048 mos
372 1999 435 2048 non
452 1985 587 2068 cognitio
609 1984 708 2046 solum
729 1999 848 2058 rerum,
876 1983 931 2046 sed
953 1984 1042 2046 etiam
1065 1979 1192 2046 reeorda-

283 2068 336 2132 tio.
383 2067 514 2130 Tametsi
548 2066 714 2130 incidamus
745 2071 866 2149 oportet
896 2065 1013 2147 media,
1050 2077 1093 2132 ne
1120 2061 1191 2128 ninis

260 2166 356 2220 ‚sero
377 2149 416 2214 ad
437 2155 570 2212 extrema
593 2150 758 2214 veniamus.
865 2200 867 2206 ,

194 2229 196 2238 ’
236 2241 273 2294 cs
370 2232 495 2300 intimus
519 2239 586 2297 erat
603 2232 635 2295 in
658 2233 810 2296 tribunatu
832 2229 958 2312 Clodio,
983 2233 1035 2315 qui
1055 2251 1113 2296 sua
1132 2244 1190 2310 erga

282 2333 332 2378 roe
353 2314 501 2380 beneficia
524 2322 755 2392 commemorat;
799 2317 866 2378 eius
888 2317 1026 2379 omnium·
1045 2314 1190 2380 incendio-

281 2418 349 2464 rum
372 2399 444 2478 iax;
478 2401 565 2464 cuius
590 2402 679 2464 etiam
703 2400 784 2466 domi
806 2400 866 2462 iam
888 2403 952 2462 tum'
972 2399 1112 2481 quiddam
1135 2409 1189 2460 mo-

281 2483 352 2548 litus
375 2490 431 2547 est.
474 2483 553 2560 Quid
576 2483 683 2562 dicam,
714 2484 782 2565 ipse
804 2483 916 2564 optime
937 2484 1089 2568 intelligit.
1133 2476 1189 2543 lnde

281 2569 340 2632 iter
350 2566 593 2631 Alexandream
616 2571 855 2630 eontrasenatus
867 2567 1083 2646 auctoritatem,
1104 2568 1188 2629 conta

272 2669 346 2716 rem
376 2650 527 2732 publicam
556 2656 588 2712 et
621 2651 821 2732 religionese
850 2649 907 2712 sed
937 2650 1067 2713 babebat
1100 2649 1188 2712 dunen

280 2734 455 2812 Gabinium,
488 2737 608 2816 quicum
631 2733 749 2814 quidvis
773 2733 943 2796 rectissime
967 2733 1072 2812 facere
1093 2730 1187 2816 posset

280 2819 340 2894 Oui
361 2823 422 2881 tum
444 2817 516 2880 inde
536 2816 650 2880 reditus
672 2822 722 2880 aul
747 2815 871 2898 qualis?
911 2815 998 2880 Prius
1020 2818 1052 2880 in
1073 2815 1187 2880 ultiman

280 2902 408 2966 Galliam
429 2919 469 2964 ex
489 2895 624 2984 AEgypto'
646 2918 735 2982 quam
757 2899 887 2962 domum.
931 2899 1005 2973 Quae
1028 2907 1123 2964 autern
1136 2895 1187 2958 erni

278 2985 411 3050 domus?
451 2983 543 3050 Suam
565 2984 644 3048 enirn
664 2984 793 3067 quisque
815 2983 935 3046 domurn
956 2989 1019 3046 tum
1042 2979 1186 3050 obtinebat,-

264 3085 337 3138 ,nec
360 3073 425 3130 erat
446 3085 574 3150 usquam
595 3074 656 3132 tua.
701 3066 829 3130 Domum
853 3065 946 3130 dico?
983 3066 1063 3140 Quid
1086 3060 1186 3128 eratin

278 3152 379 3230 terris,
400 3150 452 3214 ubi
476 3152 508 3213 in
532 3157 585 3214 tuo
604 3151 713 3234 pedem
732 3165 875 3232 poneres,
896 3155 1007 3232 praeter
1030 3167 1120 3214 unum
1137 3142 1184 3208 lli-

155 3286 159 3300 ,
277 3253 402 3312 senum,
431 3233 600 3316 quodcum
622 3234 735 3312 sociis,
760 3239 910 3315 tamquam
934 3231 1127 3315 Sisaponem,
1145 3234 1184 3288 te-

164 3319 213 3394 20
231 3318 396 3388 aanebas'?
437 3317 552 3380 Venisti
582 3335 600 3380 e
628 3317 726 3381 Gallia
752 3316 790 3380 ad
820 3313 1003 3399 quaesturam
1056 3313 1184 3378 etendam·

276 3402 363 3466 Aude
388 3402 507 3481 dicere,
542 3407 571 3464 te
594 3401 679 3483 prius
701 3399 739 3463 ad
758 3406 916 3484 parentem
936 3406 1016 3461 tuam
1078 3396 1183 3464 venisse

274 3504 364 3568 quam
388 3485 427 3550 ad
448 3503 505 3548 mo.
547 3485 734 3565 Acceperam
755 3484 814 3547 iam
839 3489 908 3546 ante
931 3481 1060 3546 Caesaris
1077 3482 1183 3548 litteras,

273 3574 306 3632 ut
326 3570 398 3634 mibi
419 3568 559 3632 satisfieri
579 3574 703 3650 paterer
722 3585 741 3629 a
759 3573 800 3630 te.
846 3565 952 3648 ltaque
970 3583 1011 3628 ne
1028 3566 1111 3647 loqui
1124 3559 1181 3642 qui·

273 3651 342 3714 dem
374 3669 441 3717 som
468 3656 501 3714 te
529 3668 639 3737 passus
670 3650 708 3714 de
735 3649 842 3734 gratia.
894 3648 1004 3713 Postea
1034 3667 1100 3714 sum
1125 3641 1180 3708 oul-

309 3829 319 3862 ¹
346 3831 402 3884 l'ot.
421 3859 457 3872 «-
476 3851 590 3904 cunique
610 3853 625 3889 a
643 3845 687 3890 tua
704 3851 756 3888 non
776 3834 862 3888 modo·
939 3833 952 3864 ²
988 3831 1043 3884 Vct.
1063 3829 1177 3882 -nno

305 3901 429 3955 andriani.
503 3905 616 3960 'tuum
