<?xml version="1.0" encoding="UTF-8"?>
<!DOCTYPE html PUBLIC "-//W3C//DTD XHTML 1.0 Transitional//EN"
    "http://www.w3.org/TR/xhtml1/DTD/xhtml1-transitional.dtd">
<html xmlns="http://www.w3.org/1999/xhtml" xml:lang="en" lang="en">
 <head>
  <title>
</title>
<meta http-equiv="Content-Type" content="text/html;charset=utf-8" />
  <meta name='ocr-system' content='tesseract 3.04.00' />
  <meta name='ocr-capabilities' content='ocr_page ocr_carea ocr_par ocr_line ocrx_word'/>
</head>
<body>
  <div class='ocr_page' id='page_1' title='image "./orationesselect00madvgoog/orationesselect00madvgoog_0084.png"; bbox 0 0 2546 4310; ppageno 0'>
   <div class='ocr_carea' id='block_1_1' title="bbox 188 245 1070 312">
    <p class='ocr_par' dir='ltr' id='par_1_1' title="bbox 188 245 1070 312">
     <span class='ocr_line' id='line_1_1' title="bbox 188 245 1070 312; baseline 0.008 -7"><span class='ocrx_word' id='word_1_1' title='bbox 188 249 275 306; x_wconf 74' lang='lat' dir='ltr'><strong>uno</strong></span> <span class='ocrx_word' id='word_1_2' title='bbox 307 247 860 309; x_wconf 74' lang='lat' dir='ltr'><strong>snit.n0scroartr:n11t0.</strong></span> <span class='ocrx_word' id='word_1_3' title='bbox 946 259 981 312; x_wconf 75' lang='lat' dir='ltr'><strong>at</strong></span> <span class='ocrx_word' id='word_1_4' title='bbox 1067 245 1070 255; x_wconf 81' lang='grc'><strong>’</strong></span> 
     </span>
    </p>
   </div>
   <div class='ocr_carea' id='block_1_2' title="bbox 67 421 1092 2761">
    <p class='ocr_par' dir='ltr' id='par_1_2' title="bbox 67 421 1092 2592">
     <span class='ocr_line' id='line_1_2' title="bbox 69 421 981 507; baseline 0.005 -23"><span class='ocrx_word' id='word_1_5' title='bbox 69 421 208 486; x_wconf 86' lang='lat' dir='ltr'><strong>voluerit?</strong></span> <span class='ocrx_word' id='word_1_6' title='bbox 230 421 362 502; x_wconf 84' lang='lat' dir='ltr'><strong>Nesei03</strong></span> <span class='ocrx_word' id='word_1_7' title='bbox 390 424 450 488; x_wconf 89' lang='lat' dir='ltr'><strong>nisi</strong></span> <span class='ocrx_word' id='word_1_8' title='bbox 472 423 533 486; x_wconf 92' lang='lat' dir='ltr'><strong>hoc</strong></span> <span class='ocrx_word' id='word_1_9' title='bbox 554 422 656 502; x_wconf 80' lang='lat' dir='ltr'><strong>uidae,</strong></span> <span class='ocrx_word' id='word_1_10' title='bbox 678 423 910 507; x_wconf 86' lang='lat' dir='ltr'><strong>Capitonernin</strong></span> <span class='ocrx_word' id='word_1_11' title='bbox 931 425 981 489; x_wconf 82' lang='lat' dir='ltr'><strong>liis</strong></span> 
     </span>
     <span class='ocr_line' id='line_1_3' title="bbox 68 506 1086 584; baseline 0.006 -17"><span class='ocrx_word' id='word_1_12' title='bbox 68 506 147 568; x_wconf 84' lang='lat' dir='ltr'><strong>lonis</strong></span> <span class='ocrx_word' id='word_1_13' title='bbox 175 524 244 569; x_wconf 89' lang='lat' dir='ltr'><strong>esse</strong></span> <span class='ocrx_word' id='word_1_14' title='bbox 277 509 411 584; x_wconf 89' lang='lat' dir='ltr'><strong>socinm;</strong></span> <span class='ocrx_word' id='word_1_15' title='bbox 441 507 480 570; x_wconf 89' lang='lat' dir='ltr'><strong>de</strong></span> <span class='ocrx_word' id='word_1_16' title='bbox 499 506 596 569; x_wconf 86' lang='lat' dir='ltr'><strong>trihus</strong></span> <span class='ocrx_word' id='word_1_17' title='bbox 620 515 652 570; x_wconf 90' lang='lat' dir='ltr'><strong>et</strong></span> <span class='ocrx_word' id='word_1_18' title='bbox 671 508 776 570; x_wconf 89' lang='lat' dir='ltr'><strong>decern</strong></span> <span class='ocrx_word' id='word_1_19' title='bbox 797 509 898 572; x_wconf 87' lang='lat' dir='ltr'><strong>lundis</strong></span> <span class='ocrx_word' id='word_1_20' title='bbox 919 516 982 573; x_wconf 89' lang='lat' dir='ltr'><strong>tres</strong></span> <span class='ocrx_word' id='word_1_21' title='bbox 1083 531 1086 540; x_wconf 64' lang='lat'><strong>¹</strong></span> 
     </span>
     <span class='ocr_line' id='line_1_4' title="bbox 68 590 1045 673; baseline 0.006 -21"><span class='ocrx_word' id='word_1_22' title='bbox 68 590 258 652; x_wconf 90' lang='lat' dir='ltr'><strong>nobilissimos</strong></span> <span class='ocrx_word' id='word_1_23' title='bbox 280 590 393 655; x_wconf 80' lang='lat' dir='ltr'><strong>fundos</strong></span> <span class='ocrx_word' id='word_1_24' title='bbox 417 590 642 667; x_wconf 83' lang='lat' dir='ltr'><strong>eum[video]1</strong></span> <span class='ocrx_word' id='word_1_25' title='bbox 665 592 834 673; x_wconf 89' lang='lat' dir='ltr'><strong>possidere.</strong></span> <span class='ocrx_word' id='word_1_26' title='bbox 880 593 980 658; x_wconf 82' lang='lat' dir='ltr'><strong>Audio</strong></span> <span class='ocrx_word' id='word_1_27' title='bbox 994 610 1045 659; x_wconf 88' lang='lat' dir='ltr'><strong>roo</strong></span> 
     </span>
     <span class='ocr_line' id='line_1_5' title="bbox 67 675 982 758; baseline 0.005 -24"><span class='ocrx_word' id='word_1_28' title='bbox 67 679 218 754; x_wconf 85' lang='lat' dir='ltr'><strong>preterea,</strong></span> <span class='ocrx_word' id='word_1_29' title='bbox 250 692 313 736; x_wconf 92' lang='lat' dir='ltr'><strong>non</strong></span> <span class='ocrx_word' id='word_1_30' title='bbox 345 675 423 736; x_wconf 89' lang='lat' dir='ltr'><strong>hane</strong></span> <span class='ocrx_word' id='word_1_31' title='bbox 450 675 653 755; x_wconf 84' lang='lat' dir='ltr'><strong>suspicionem</strong></span> <span class='ocrx_word' id='word_1_32' title='bbox 683 693 763 738; x_wconf 91' lang='lat' dir='ltr'><strong>nunc</strong></span> <span class='ocrx_word' id='word_1_33' title='bbox 792 677 921 758; x_wconf 89' lang='lat' dir='ltr'><strong>primum</strong></span> <span class='ocrx_word' id='word_1_34' title='bbox 950 675 982 740; x_wconf 90' lang='lat' dir='ltr'><strong>in</strong></span> 
     </span>
     <span class='ocr_line' id='line_1_6' title="bbox 69 754 982 842; baseline 0.008 -26"><span class='ocrx_word' id='word_1_35' title='bbox 69 754 231 837; x_wconf 79' lang='lat' dir='ltr'><strong>Capitonem</strong></span> <span class='ocrx_word' id='word_1_36' title='bbox 264 757 416 833; x_wconf 61' lang='lat' dir='ltr'><strong>conteram</strong></span> <span class='ocrx_word' id='word_1_37' title='bbox 448 758 557 820; x_wconf 89' lang='lat' dir='ltr'><strong>multas</strong></span> <span class='ocrx_word' id='word_1_38' title='bbox 592 775 661 819; x_wconf 85' lang='lat' dir='ltr'><strong>esse</strong></span> <span class='ocrx_word' id='word_1_39' title='bbox 693 758 820 822; x_wconf 81' lang='lat' dir='ltr'><strong>infames</strong></span> <span class='ocrx_word' id='word_1_40' title='bbox 849 761 982 842; x_wconf 84' lang='lat' dir='ltr'><strong>palmas3</strong></span> 
     </span>
     <span class='ocr_line' id='line_1_7' title="bbox 68 839 984 925; baseline 0.007 -25"><span class='ocrx_word' id='word_1_41' title='bbox 68 839 134 901; x_wconf 88' lang='lat' dir='ltr'><strong>lane</strong></span> <span class='ocrx_word' id='word_1_42' title='bbox 156 842 280 922; x_wconf 84' lang='lat' dir='ltr'><strong>primam</strong></span> <span class='ocrx_word' id='word_1_43' title='bbox 311 859 380 905; x_wconf 88' lang='lat' dir='ltr'><strong>esse</strong></span> <span class='ocrx_word' id='word_1_44' title='bbox 403 849 503 904; x_wconf 88' lang='lat' dir='ltr'><strong>tamen</strong></span> <span class='ocrx_word' id='word_1_45' title='bbox 525 841 746 920; x_wconf 77' lang='lat' dir='ltr'><strong>lemniscatam,</strong></span> <span class='ocrx_word' id='word_1_46' title='bbox 779 861 846 925; x_wconf 83' lang='lat' dir='ltr'><strong>quae</strong></span> <span class='ocrx_word' id='word_1_47' title='bbox 865 843 984 906; x_wconf 73' lang='lat' dir='ltr'><strong>Roma²</strong></span> 
     </span>
     <span class='ocr_line' id='line_1_8' title="bbox 70 923 1024 1006; baseline 0.006 -22"><span class='ocrx_word' id='word_1_48' title='bbox 70 923 224 1001; x_wconf 89' lang='lat' dir='ltr'><strong>deleratur;</strong></span> <span class='ocrx_word' id='word_1_49' title='bbox 260 925 374 987; x_wconf 88' lang='lat' dir='ltr'><strong>nullum</strong></span> <span class='ocrx_word' id='word_1_50' title='bbox 401 926 522 987; x_wconf 90' lang='lat' dir='ltr'><strong>modum</strong></span> <span class='ocrx_word' id='word_1_51' title='bbox 551 941 621 986; x_wconf 87' lang='lat' dir='ltr'><strong>esse</strong></span> <span class='ocrx_word' id='word_1_52' title='bbox 654 925 783 988; x_wconf 91' lang='lat' dir='ltr'><strong>hominis</strong></span> <span class='ocrx_word' id='word_1_53' title='bbox 814 927 983 1006; x_wconf 88' lang='lat' dir='ltr'><strong>occidendi,</strong></span> <span class='ocrx_word' id='word_1_54' title='bbox 1022 933 1024 946; x_wconf 93' lang='lat'>&#39;</span> 
     </span>
     <span class='ocr_line' id='line_1_9' title="bbox 70 1005 983 1090; baseline 0.004 -21"><span class='ocrx_word' id='word_1_55' title='bbox 70 1025 119 1086; x_wconf 83' lang='lat' dir='ltr'><strong>quo</strong></span> <span class='ocrx_word' id='word_1_56' title='bbox 149 1008 200 1070; x_wconf 91' lang='lat' dir='ltr'><strong>ille</strong></span> <span class='ocrx_word' id='word_1_57' title='bbox 224 1025 286 1070; x_wconf 96' lang='lat' dir='ltr'><strong>non</strong></span> <span class='ocrx_word' id='word_1_58' title='bbox 308 1008 422 1090; x_wconf 88' lang='lat' dir='ltr'><strong>aliquot</strong></span> <span class='ocrx_word' id='word_1_59' title='bbox 453 1005 608 1084; x_wconf 73' lang='lat' dir='ltr'><strong>occiderit,</strong></span> <span class='ocrx_word' id='word_1_60' title='bbox 640 1009 750 1071; x_wconf 88' lang='lat' dir='ltr'><strong>multos</strong></span> <span class='ocrx_word' id='word_1_61' title='bbox 775 1009 868 1087; x_wconf 84' lang='lat' dir='ltr'><strong>ferro,</strong></span> <span class='ocrx_word' id='word_1_62' title='bbox 902 1012 983 1074; x_wconf 88' lang='lat' dir='ltr'><strong>mul·-</strong></span> 
     </span>
     <span class='ocr_line' id='line_1_10' title="bbox 69 1091 983 1173; baseline 0.007 -23"><span class='ocrx_word' id='word_1_63' title='bbox 69 1095 107 1151; x_wconf 91' lang='lat' dir='ltr'><strong>tos</strong></span> <span class='ocrx_word' id='word_1_64' title='bbox 125 1109 261 1167; x_wconf 78' lang='lat' dir='ltr'><strong>venen05</strong></span> <span class='ocrx_word' id='word_1_65' title='bbox 293 1092 393 1154; x_wconf 86' lang='lat' dir='ltr'><strong>habeo</strong></span> <span class='ocrx_word' id='word_1_66' title='bbox 424 1093 512 1154; x_wconf 91' lang='lat' dir='ltr'><strong>etiam</strong></span> <span class='ocrx_word' id='word_1_67' title='bbox 540 1091 653 1167; x_wconf 89' lang='lat' dir='ltr'><strong>dicere,</strong></span> <span class='ocrx_word' id='word_1_68' title='bbox 677 1111 765 1173; x_wconf 88' lang='lat' dir='ltr'><strong>quem</strong></span> <span class='ocrx_word' id='word_1_69' title='bbox 788 1099 891 1156; x_wconf 89' lang='lat' dir='ltr'><strong>contra</strong></span> <span class='ocrx_word' id='word_1_70' title='bbox 913 1113 983 1156; x_wconf 88' lang='lat' dir='ltr'><strong>mo-</strong></span> 
     </span>
     <span class='ocr_line' id='line_1_11' title="bbox 69 1175 984 1259; baseline 0.008 -25"><span class='ocrx_word' id='word_1_71' title='bbox 69 1190 121 1235; x_wconf 91' lang='lat' dir='ltr'><strong>rem</strong></span> <span class='ocrx_word' id='word_1_72' title='bbox 140 1176 301 1250; x_wconf 88' lang='lat' dir='ltr'><strong>maiorum,</strong></span> <span class='ocrx_word' id='word_1_73' title='bbox 335 1177 481 1252; x_wconf 86' lang='lat' dir='ltr'><strong>minorem</strong></span> <span class='ocrx_word' id='word_1_74' title='bbox 510 1178 596 1240; x_wconf 90' lang='lat' dir='ltr'><strong>annis</strong></span> <span class='ocrx_word' id='word_1_75' title='bbox 617 1175 678 1256; x_wconf 86' lang='lat' dir='ltr'><strong>LX,</strong></span> <span class='ocrx_word' id='word_1_76' title='bbox 703 1175 742 1237; x_wconf 87' lang='lat' dir='ltr'><strong>de</strong></span> <span class='ocrx_word' id='word_1_77' title='bbox 762 1184 857 1259; x_wconf 86' lang='lat' dir='ltr'><strong>ponte</strong></span> <span class='ocrx_word' id='word_1_78' title='bbox 875 1179 907 1240; x_wconf 93' lang='lat' dir='ltr'><strong>in</strong></span> <span class='ocrx_word' id='word_1_79' title='bbox 929 1178 984 1240; x_wconf 85' lang='lat' dir='ltr'><strong>&#39;li-</strong></span> 
     </span>
     <span class='ocr_line' id='line_1_12' title="bbox 69 1257 982 1342; baseline 0.008 -25"><span class='ocrx_word' id='word_1_80' title='bbox 69 1257 150 1318; x_wconf 87' lang='lat' dir='ltr'><strong>berin</strong></span> <span class='ocrx_word' id='word_1_81' title='bbox 176 1258 329 1322; x_wconf 89' lang='lat' dir='ltr'><strong>deiecerit.</strong></span> <span class='ocrx_word' id='word_1_82' title='bbox 391 1259 482 1338; x_wconf 74' lang='lat' dir='ltr'><strong>Qua,</strong></span> <span class='ocrx_word' id='word_1_83' title='bbox 519 1260 546 1322; x_wconf 92' lang='lat' dir='ltr'><strong>si</strong></span> <span class='ocrx_word' id='word_1_84' title='bbox 582 1259 748 1341; x_wconf 89' lang='lat' dir='ltr'><strong>prodierit,</strong></span> <span class='ocrx_word' id='word_1_85' title='bbox 784 1265 873 1342; x_wconf 87' lang='lat' dir='ltr'><strong>atque</strong></span> <span class='ocrx_word' id='word_1_86' title='bbox 905 1261 982 1324; x_wconf 88' lang='lat' dir='ltr'><strong>adeo</strong></span> 
     </span>
     <span class='ocr_line' id='line_1_13' title="bbox 70 1342 981 1424; baseline 0.004 -22"><span class='ocrx_word' id='word_1_87' title='bbox 70 1359 146 1419; x_wconf 82' lang='lat' dir='ltr'><strong>quum</strong></span> <span class='ocrx_word' id='word_1_88' title='bbox 166 1343 313 1423; x_wconf 84' lang='lat' dir='ltr'><strong>prodierit</strong></span> <span class='ocrx_word' id='word_1_89' title='bbox 337 1343 413 1423; x_wconf 88' lang='lat' dir='ltr'><strong>(scio</strong></span> <span class='ocrx_word' id='word_1_90' title='bbox 444 1344 523 1405; x_wconf 92' lang='lat' dir='ltr'><strong>enim</strong></span> <span class='ocrx_word' id='word_1_91' title='bbox 545 1342 732 1424; x_wconf 89' lang='lat' dir='ltr'><strong>proditurum</strong></span> <span class='ocrx_word' id='word_1_92' title='bbox 754 1345 848 1424; x_wconf 86' lang='lat' dir='ltr'><strong>esse),</strong></span> <span class='ocrx_word' id='word_1_93' title='bbox 873 1345 981 1408; x_wconf 81' lang='lat' dir='ltr'><strong>audiet</strong></span> 
     </span>
     <span class='ocr_line' id='line_1_14' title="bbox 70 1423 1042 1511; baseline 0.011 -27"><span class='ocrx_word' id='word_1_94' title='bbox 70 1423 161 1488; x_wconf 83' lang='lat' dir='ltr'><strong>Veniat</strong></span> <span class='ocrx_word' id='word_1_95' title='bbox 190 1426 300 1501; x_wconf 87' lang='lat' dir='ltr'><strong>modo;</strong></span> <span class='ocrx_word' id='word_1_96' title='bbox 332 1427 466 1508; x_wconf 80' lang='lat' dir='ltr'><strong>explicet</strong></span> <span class='ocrx_word' id='word_1_97' title='bbox 494 1443 580 1490; x_wconf 89' lang='lat' dir='ltr'><strong>suum</strong></span> <span class='ocrx_word' id='word_1_98' title='bbox 610 1426 752 1488; x_wconf 87' lang='lat' dir='ltr'><strong>volumen</strong></span> <span class='ocrx_word' id='word_1_99' title='bbox 776 1427 869 1506; x_wconf 90' lang='lat' dir='ltr'><strong>illud,</strong></span> <span class='ocrx_word' id='word_1_100' title='bbox 901 1429 1042 1511; x_wconf 80' lang='lat' dir='ltr'><strong>quoun&#39;n</strong></span> 
     </span>
     <span class='ocr_line' id='line_1_15' title="bbox 70 1507 1048 1592; baseline 0.007 -24"><span class='ocrx_word' id='word_1_101' title='bbox 70 1509 94 1568; x_wconf 89' lang='lat' dir='ltr'><strong>ei</strong></span> <span class='ocrx_word' id='word_1_102' title='bbox 116 1507 231 1588; x_wconf 88' lang='lat' dir='ltr'><strong>planum</strong></span> <span class='ocrx_word' id='word_1_103' title='bbox 262 1508 366 1572; x_wconf 87' lang='lat' dir='ltr'><strong>iacere</strong></span> <span class='ocrx_word' id='word_1_104' title='bbox 400 1525 527 1591; x_wconf 89' lang='lat' dir='ltr'><strong>possum</strong></span> <span class='ocrx_word' id='word_1_105' title='bbox 564 1509 705 1572; x_wconf 83' lang='lat' dir='ltr'><strong>Erucium</strong></span> <span class='ocrx_word' id='word_1_106' title='bbox 742 1513 963 1592; x_wconf 85' lang='lat' dir='ltr'><strong>conscripsisse</strong></span> <span class='ocrx_word' id='word_1_107' title='bbox 970 1531 980 1589; x_wconf 91' lang='lat'>;</span> <span class='ocrx_word' id='word_1_108' title='bbox 1044 1513 1048 1520; x_wconf 85' lang='lat'>&#39;</span> 
     </span>
     <span class='ocr_line' id='line_1_16' title="bbox 74 1591 981 1676; baseline -0.001 -24"><span class='ocrx_word' id='word_1_109' title='bbox 74 1591 140 1670; x_wconf 87' lang='lat' dir='ltr'><strong>quod</strong></span> <span class='ocrx_word' id='word_1_110' title='bbox 170 1593 253 1655; x_wconf 91' lang='lat' dir='ltr'><strong>aiunt</strong></span> <span class='ocrx_word' id='word_1_111' title='bbox 282 1593 367 1655; x_wconf 90' lang='lat' dir='ltr'><strong>illum</strong></span> <span class='ocrx_word' id='word_1_112' title='bbox 388 1592 459 1676; x_wconf 76' lang='lat' dir='ltr'><strong>Sex,</strong></span> <span class='ocrx_word' id='word_1_113' title='bbox 478 1592 589 1655; x_wconf 79' lang='lat' dir='ltr'><strong>lioscio</strong></span> <span class='ocrx_word' id='word_1_114' title='bbox 612 1595 778 1654; x_wconf 79' lang='lat' dir='ltr'><strong>intentasse</strong></span> <span class='ocrx_word' id='word_1_115' title='bbox 802 1600 832 1654; x_wconf 86' lang='lat' dir='ltr'><strong>et</strong></span> <span class='ocrx_word' id='word_1_116' title='bbox 857 1596 981 1656; x_wconf 78' lang='lat' dir='ltr'><strong>minita-</strong></span> 
     </span>
     <span class='ocr_line' id='line_1_17' title="bbox 72 1675 980 1762; baseline 0.006 -28"><span class='ocrx_word' id='word_1_117' title='bbox 72 1681 122 1735; x_wconf 92' lang='lat' dir='ltr'><strong>tum</strong></span> <span class='ocrx_word' id='word_1_118' title='bbox 141 1693 223 1755; x_wconf 89' lang='lat' dir='ltr'><strong>esse,</strong></span> <span class='ocrx_word' id='word_1_119' title='bbox 260 1694 295 1738; x_wconf 88' lang='lat' dir='ltr'><strong>sc</strong></span> <span class='ocrx_word' id='word_1_120' title='bbox 320 1678 420 1738; x_wconf 90' lang='lat' dir='ltr'><strong>omnia</strong></span> <span class='ocrx_word' id='word_1_121' title='bbox 440 1676 492 1762; x_wconf 88' lang='lat' dir='ltr'><strong>illa</strong></span> <span class='ocrx_word' id='word_1_122' title='bbox 513 1692 571 1758; x_wconf 92' lang='lat' dir='ltr'><strong>pro</strong></span> <span class='ocrx_word' id='word_1_123' title='bbox 591 1675 763 1739; x_wconf 87' lang='lat' dir='ltr'><strong>testimonio</strong></span> <span class='ocrx_word' id='word_1_124' title='bbox 787 1693 857 1738; x_wconf 90' lang='lat' dir='ltr'><strong>esse</strong></span> <span class='ocrx_word' id='word_1_125' title='bbox 881 1677 980 1740; x_wconf 74' lang='lat' dir='ltr'><strong>diuu-</strong></span> 
     </span>
     <span class='ocr_line' id='line_1_18' title="bbox 72 1757 980 1844; baseline 0.008 -27"><span class='ocrx_word' id='word_1_126' title='bbox 72 1774 133 1820; x_wconf 88' lang='lat' dir='ltr'><strong>rum.</strong></span> <span class='ocrx_word' id='word_1_127' title='bbox 177 1757 404 1841; x_wconf 85' lang='lat' dir='ltr'><strong>Opraeolarum</strong></span> <span class='ocrx_word' id='word_1_128' title='bbox 434 1765 574 1836; x_wconf 77' lang='lat' dir='ltr'><strong>testem,</strong></span> <span class='ocrx_word' id='word_1_129' title='bbox 591 1757 726 1821; x_wconf 80' lang='lat' dir='ltr'><strong>iudices!</strong></span> <span class='ocrx_word' id='word_1_130' title='bbox 760 1761 980 1844; x_wconf 84' lang='lat' dir='ltr'><strong>pgravitatem</strong></span> 
     </span>
     <span class='ocr_line' id='line_1_19' title="bbox 73 1840 980 1926; baseline 0.009 -26"><span class='ocrx_word' id='word_1_131' title='bbox 73 1840 174 1922; x_wconf 84' lang='lat' dir='ltr'><strong>dignam</strong></span> <span class='ocrx_word' id='word_1_132' title='bbox 211 1841 460 1924; x_wconf 74' lang='lat' dir='ltr'><strong>exspectatione!</strong></span> <span class='ocrx_word' id='word_1_133' title='bbox 511 1860 529 1904; x_wconf 96' lang='lat' dir='ltr'><strong>o</strong></span> <span class='ocrx_word' id='word_1_134' title='bbox 569 1842 658 1904; x_wconf 86' lang='lat' dir='ltr'><strong>vitam</strong></span> <span class='ocrx_word' id='word_1_135' title='bbox 698 1842 854 1905; x_wconf 84' lang='lat' dir='ltr'><strong>honestam</strong></span> <span class='ocrx_word' id='word_1_136' title='bbox 889 1853 980 1926; x_wconf 84' lang='lat' dir='ltr'><strong>atque</strong></span> 
     </span>
     <span class='ocr_line' id='line_1_20' title="bbox 73 1923 979 2004; baseline 0.009 -21"><span class='ocrx_word' id='word_1_137' title='bbox 73 1925 219 2004; x_wconf 85' lang='lat' dir='ltr'><strong>eiusmodi,</strong></span> <span class='ocrx_word' id='word_1_138' title='bbox 249 1933 281 1990; x_wconf 87' lang='lat' dir='ltr'><strong>ut</strong></span> <span class='ocrx_word' id='word_1_139' title='bbox 302 1927 472 1990; x_wconf 53' lang='lat' dir='ltr'><strong>libentibus*</strong></span> <span class='ocrx_word' id='word_1_140' title='bbox 487 1926 596 1988; x_wconf 89' lang='lat' dir='ltr'><strong>animis</strong></span> <span class='ocrx_word' id='word_1_141' title='bbox 622 1923 659 1988; x_wconf 89' lang='lat' dir='ltr'><strong>ad</strong></span> <span class='ocrx_word' id='word_1_142' title='bbox 685 1927 752 1988; x_wconf 89' lang='lat' dir='ltr'><strong>eius</strong></span> <span class='ocrx_word' id='word_1_143' title='bbox 777 1929 979 1991; x_wconf 85' lang='lat' dir='ltr'><strong>testimonium</strong></span> 
     </span>
     <span class='ocr_line' id='line_1_21' title="bbox 73 2008 979 2074; baseline 0.008 -7"><span class='ocrx_word' id='word_1_144' title='bbox 73 2015 186 2072; x_wconf 84' lang='lat' dir='ltr'><strong>restrum</strong></span> <span class='ocrx_word' id='word_1_145' title='bbox 217 2010 425 2072; x_wconf 84' lang='lat' dir='ltr'><strong>iusiurandum</strong></span> <span class='ocrx_word' id='word_1_146' title='bbox 457 2008 707 2072; x_wconf 74' lang='lat' dir='ltr'><strong>accommodetis!</strong></span> <span class='ocrx_word' id='word_1_147' title='bbox 745 2009 886 2073; x_wconf 86' lang='lat' dir='ltr'><strong>Profecto</strong></span> <span class='ocrx_word' id='word_1_148' title='bbox 918 2029 979 2074; x_wconf 89' lang='lat' dir='ltr'><strong>nun</strong></span> 
     </span>
     <span class='ocr_line' id='line_1_22' title="bbox 74 2092 979 2176; baseline 0.009 -26"><span class='ocrx_word' id='word_1_149' title='bbox 74 2095 120 2152; x_wconf 91' lang='lat' dir='ltr'><strong>tam</strong></span> <span class='ocrx_word' id='word_1_150' title='bbox 140 2095 298 2176; x_wconf 90' lang='lat' dir='ltr'><strong>perspicue</strong></span> <span class='ocrx_word' id='word_1_151' title='bbox 315 2111 372 2176; x_wconf 89' lang='lat' dir='ltr'><strong>nos</strong></span> <span class='ocrx_word' id='word_1_152' title='bbox 387 2095 413 2154; x_wconf 74' lang='lat'><strong>⁸.</strong></span> <span class='ocrx_word' id='word_1_153' title='bbox 424 2094 549 2156; x_wconf 81' lang='lat' dir='ltr'><strong>istorum</strong></span> <span class='ocrx_word' id='word_1_154' title='bbox 561 2092 706 2156; x_wconf 84' lang='lat' dir='ltr'><strong>maleficia</strong></span> <span class='ocrx_word' id='word_1_155' title='bbox 718 2094 898 2172; x_wconf 88' lang='lat' dir='ltr'><strong>videremus,</strong></span> <span class='ocrx_word' id='word_1_156' title='bbox 919 2096 979 2158; x_wconf 90' lang='lat' dir='ltr'><strong>nisi</strong></span> 
     </span>
     <span class='ocr_line' id='line_1_23' title="bbox 74 2173 978 2258; baseline 0.008 -25"><span class='ocrx_word' id='word_1_157' title='bbox 74 2173 141 2253; x_wconf 91' lang='lat' dir='ltr'><strong>ipsos</strong></span> <span class='ocrx_word' id='word_1_158' title='bbox 161 2181 260 2240; x_wconf 83' lang='lat' dir='ltr'><strong>caecos</strong></span> <span class='ocrx_word' id='word_1_159' title='bbox 278 2177 420 2240; x_wconf 89' lang='lat' dir='ltr'><strong>redderet</strong></span> <span class='ocrx_word' id='word_1_160' title='bbox 436 2176 583 2258; x_wconf 83' lang='lat' dir='ltr'><strong>cupiditas</strong></span> <span class='ocrx_word' id='word_1_161' title='bbox 604 2183 634 2238; x_wconf 90' lang='lat' dir='ltr'><strong>et</strong></span> <span class='ocrx_word' id='word_1_162' title='bbox 657 2178 780 2239; x_wconf 87' lang='lat' dir='ltr'><strong>avaritia</strong></span> <span class='ocrx_word' id='word_1_163' title='bbox 796 2185 825 2240; x_wconf 93' lang='lat' dir='ltr'><strong>et</strong></span> <span class='ocrx_word' id='word_1_164' title='bbox 845 2179 978 2242; x_wconf 89' lang='lat' dir='ltr'><strong>audacia.</strong></span> 
     </span>
     <span class='ocr_line' id='line_1_24' title="bbox 76 2259 1092 2342; baseline 0.01 -25"><span class='ocrx_word' id='word_1_165' title='bbox 76 2259 144 2320; x_wconf 80' lang='lat' dir='ltr'><strong>Alter</strong></span> <span class='ocrx_word' id='word_1_166' title='bbox 165 2278 202 2322; x_wconf 86' lang='lat' dir='ltr'><strong>ex</strong></span> <span class='ocrx_word' id='word_1_167' title='bbox 224 2263 292 2342; x_wconf 88' lang='lat' dir='ltr'><strong>ipsa</strong></span> <span class='ocrx_word' id='word_1_168' title='bbox 316 2260 398 2322; x_wconf 80' lang='lat' dir='ltr'><strong>caede</strong></span> <span class='ocrx_word' id='word_1_169' title='bbox 420 2260 583 2323; x_wconf 80' lang='lat' dir='ltr'><strong>&#39;volucrem</strong></span> <span class='ocrx_word' id='word_1_170' title='bbox 606 2262 740 2324; x_wconf 88' lang='lat' dir='ltr'><strong>nuntium</strong></span> <span class='ocrx_word' id='word_1_171' title='bbox 762 2260 915 2325; x_wconf 81' lang='lat' dir='ltr'><strong>Ameriam</strong></span> <span class='ocrx_word' id='word_1_172' title='bbox 940 2263 1092 2336; x_wconf 79' lang='lat' dir='ltr'><strong>ad1oa36</strong></span> 
     </span>
     <span class='ocr_line' id='line_1_25' title="bbox 77 2343 979 2426; baseline 0.01 -26"><span class='ocrx_word' id='word_1_173' title='bbox 77 2343 172 2404; x_wconf 89' lang='lat' dir='ltr'><strong>socium</strong></span> <span class='ocrx_word' id='word_1_174' title='bbox 193 2351 285 2426; x_wconf 87' lang='lat' dir='ltr'><strong>atque</strong></span> <span class='ocrx_word' id='word_1_175' title='bbox 307 2343 345 2406; x_wconf 90' lang='lat' dir='ltr'><strong>ad</strong></span> <span class='ocrx_word' id='word_1_176' title='bbox 367 2345 541 2426; x_wconf 86' lang='lat' dir='ltr'><strong>magistrum</strong></span> <span class='ocrx_word' id='word_1_177' title='bbox 558 2362 644 2407; x_wconf 91' lang='lat' dir='ltr'><strong>suum</strong></span> <span class='ocrx_word' id='word_1_178' title='bbox 667 2345 756 2421; x_wconf 86' lang='lat' dir='ltr'><strong>misit,</strong></span> <span class='ocrx_word' id='word_1_179' title='bbox 775 2351 816 2421; x_wconf 91' lang='lat' dir='ltr'><strong>ut,</strong></span> <span class='ocrx_word' id='word_1_180' title='bbox 838 2347 864 2408; x_wconf 94' lang='lat' dir='ltr'><strong>si</strong></span> <span class='ocrx_word' id='word_1_181' title='bbox 884 2346 979 2408; x_wconf 89' lang='lat' dir='ltr'><strong>dissi-</strong></span> 
     </span>
     <span class='ocr_line' id='line_1_26' title="bbox 77 2426 979 2510; baseline 0.011 -28"><span class='ocrx_word' id='word_1_182' title='bbox 77 2426 170 2488; x_wconf 91' lang='lat' dir='ltr'><strong>mulare</strong></span> <span class='ocrx_word' id='word_1_183' title='bbox 192 2445 298 2491; x_wconf 91' lang='lat' dir='ltr'><strong>omnes</strong></span> <span class='ocrx_word' id='word_1_184' title='bbox 322 2434 486 2510; x_wconf 90' lang='lat' dir='ltr'><strong>cuperent,</strong></span> <span class='ocrx_word' id='word_1_185' title='bbox 517 2445 551 2488; x_wconf 88' lang='lat' dir='ltr'><strong>se</strong></span> <span class='ocrx_word' id='word_1_186' title='bbox 573 2428 670 2504; x_wconf 75' lang='lat' dir='ltr'><strong>seire,</strong></span> <span class='ocrx_word' id='word_1_187' title='bbox 708 2427 857 2510; x_wconf 85' lang='lat' dir='ltr'><strong>adquam</strong></span> <span class='ocrx_word' id='word_1_188' title='bbox 880 2431 979 2492; x_wconf 81' lang='lat' dir='ltr'><strong>male-</strong></span> 
     </span>
     <span class='ocr_line' id='line_1_27' title="bbox 79 2504 982 2592; baseline 0.011 -26"><span class='ocrx_word' id='word_1_189' title='bbox 79 2504 158 2570; x_wconf 88' lang='lat' dir='ltr'><strong>icinm</strong></span> <span class='ocrx_word' id='word_1_190' title='bbox 177 2513 360 2592; x_wconf 85' lang='lat' dir='ltr'><strong>pertineret,</strong></span> <span class='ocrx_word' id='word_1_191' title='bbox 399 2518 498 2574; x_wconf 92' lang='lat' dir='ltr'><strong>tamen</strong></span> <span class='ocrx_word' id='word_1_192' title='bbox 520 2510 586 2592; x_wconf 90' lang='lat' dir='ltr'><strong>ipse</strong></span> <span class='ocrx_word' id='word_1_193' title='bbox 613 2517 747 2590; x_wconf 90' lang='lat' dir='ltr'><strong>apertum</strong></span> <span class='ocrx_word' id='word_1_194' title='bbox 770 2530 863 2574; x_wconf 90' lang='lat' dir='ltr'><strong>suum</strong></span> <span class='ocrx_word' id='word_1_195' title='bbox 880 2514 982 2576; x_wconf 87' lang='lat' dir='ltr'><strong>scelus</strong></span> 
     </span>
    </p>

    <p class='ocr_par' dir='ltr' id='par_1_3' title="bbox 79 2594 982 2761">
     <span class='ocr_line' id='line_1_28' title="bbox 79 2594 982 2676; baseline 0.011 -27"><span class='ocrx_word' id='word_1_196' title='bbox 79 2599 131 2654; x_wconf 88' lang='lat' dir='ltr'><strong>ante</strong></span> <span class='ocrx_word' id='word_1_197' title='bbox 150 2596 279 2657; x_wconf 90' lang='lat' dir='ltr'><strong>omnium</strong></span> <span class='ocrx_word' id='word_1_198' title='bbox 304 2595 409 2658; x_wconf 90' lang='lat' dir='ltr'><strong>oeulos</strong></span> <span class='ocrx_word' id='word_1_199' title='bbox 430 2601 568 2676; x_wconf 88' lang='lat' dir='ltr'><strong>poneret.</strong></span> <span class='ocrx_word' id='word_1_200' title='bbox 614 2594 700 2656; x_wconf 90' lang='lat' dir='ltr'><strong>Alter</strong></span> <span class='ocrx_word' id='word_1_201' title='bbox 724 2596 763 2676; x_wconf 90' lang='lat' dir='ltr'><strong>(si</strong></span> <span class='ocrx_word' id='word_1_202' title='bbox 782 2595 840 2658; x_wconf 91' lang='lat' dir='ltr'><strong>diis</strong></span> <span class='ocrx_word' id='word_1_203' title='bbox 854 2597 982 2659; x_wconf 88' lang='lat' dir='ltr'><strong>immor-</strong></span> 
     </span>
     <span class='ocr_line' id='line_1_29' title="bbox 81 2673 981 2761; baseline 0.011 -29"><span class='ocrx_word' id='word_1_204' title='bbox 81 2673 166 2738; x_wconf 86' lang='lat' dir='ltr'><strong>talibus</strong></span> <span class='ocrx_word' id='word_1_205' title='bbox 185 2678 297 2761; x_wconf 88' lang='lat' dir='ltr'><strong>plaeet)</strong></span> <span class='ocrx_word' id='word_1_206' title='bbox 313 2678 521 2741; x_wconf 69' lang='lat' dir='ltr'><strong>‘testimonium</strong></span> <span class='ocrx_word' id='word_1_207' title='bbox 539 2678 628 2740; x_wconf 90' lang='lat' dir='ltr'><strong>etiam</strong></span> <span class='ocrx_word' id='word_1_208' title='bbox 647 2679 678 2740; x_wconf 91' lang='lat' dir='ltr'><strong>in</strong></span> <span class='ocrx_word' id='word_1_209' title='bbox 698 2677 767 2740; x_wconf 89' lang='lat' dir='ltr'><strong>Sex.</strong></span> <span class='ocrx_word' id='word_1_210' title='bbox 775 2678 917 2741; x_wconf 83' lang='lat' dir='ltr'><strong>Roscium</strong></span> <span class='ocrx_word' id='word_1_211' title='bbox 930 2680 981 2742; x_wconf 88' lang='lat' dir='ltr'><strong>di-</strong></span> 
     </span>
    </p>
   </div>
   <div class='ocr_carea' id='block_1_3' title="bbox 82 2761 981 2908">
    <p class='ocr_par' dir='ltr' id='par_1_4' title="bbox 82 2761 981 2908">
     <span class='ocr_line' id='line_1_30' title="bbox 82 2761 981 2908; baseline 0.013 -94"><span class='ocrx_word' id='word_1_212' title='bbox 82 2761 161 2822; x_wconf 88' lang='lat' dir='ltr'><strong>ctums</strong></span> <span class='ocrx_word' id='word_1_213' title='bbox 181 2769 236 2824; x_wconf 84' lang='lat' dir='ltr'><strong>est.</strong></span> <span class='ocrx_word' id='word_1_214' title='bbox 284 2761 377 2835; x_wconf 82' lang='lat' dir='ltr'><strong>Quasi</strong></span> <span class='ocrx_word' id='word_1_215' title='bbox 394 2767 503 2836; x_wconf 85' lang='lat' dir='ltr'><strong>vero†</strong></span> <span class='ocrx_word' id='word_1_216' title='bbox 517 2761 547 2823; x_wconf 85' lang='lat' dir='ltr'><strong>id</strong></span> <span class='ocrx_word' id='word_1_217' title='bbox 561 2779 642 2823; x_wconf 91' lang='lat' dir='ltr'><strong>nunc</strong></span> <span class='ocrx_word' id='word_1_218' title='bbox 658 2763 799 2908; x_wconf 41' lang='lat' dir='ltr'><strong>affatur&amp;</strong></span> <span class='ocrx_word' id='word_1_219' title='bbox 821 2770 932 2842; x_wconf 89' lang='lat' dir='ltr'><strong>utrum,</strong></span> <span class='ocrx_word' id='word_1_220' title='bbox 954 2765 981 2826; x_wconf 84' lang='lat' dir='ltr'><strong>is</strong></span> 
     </span>
    </p>
   </div>
   <div class='ocr_carea' id='block_1_4' title="bbox 47 2843 1097 3597">
    <p class='ocr_par' dir='ltr' id='par_1_5' title="bbox 84 2843 1097 3012">
     <span class='ocr_line' id='line_1_31' title="bbox 84 2843 1097 2926; baseline 0.009 -25"><span class='ocrx_word' id='word_1_221' title='bbox 84 2843 145 2917; x_wconf 83' lang='lat' dir='ltr'><strong>quod</strong></span> <span class='ocrx_word' id='word_1_222' title='bbox 163 2845 287 2924; x_wconf 82' lang='lat' dir='ltr'><strong>dixerit,</strong></span> <span class='ocrx_word' id='word_1_223' title='bbox 318 2845 501 2912; x_wconf 85' lang='lat' dir='ltr'><strong>credendum</strong></span> <span class='ocrx_word' id='word_1_224' title='bbox 532 2862 580 2917; x_wconf 83' lang='lat' dir='ltr'><strong>an,</strong></span> <span class='ocrx_word' id='word_1_225' title='bbox 610 2864 670 2926; x_wconf 86' lang='lat' dir='ltr'><strong>quo</strong></span> <span class='ocrx_word' id='word_1_226' title='bbox 728 2845 847 2924; x_wconf 87' lang='lat' dir='ltr'><strong>lecerit,</strong></span> <span class='ocrx_word' id='word_1_227' title='bbox 877 2848 981 2910; x_wconf 80' lang='lat' dir='ltr'><strong>vindi-</strong></span> <span class='ocrx_word' id='word_1_228' title='bbox 1092 2875 1097 2892; x_wconf 54' lang='grc' dir='ltr'><em>ν</em></span> 
     </span>
     <span class='ocr_line' id='line_1_32' title="bbox 85 2925 980 3012; baseline 0.015 -30"><span class='ocrx_word' id='word_1_229' title='bbox 85 2925 185 2989; x_wconf 84' lang='lat' dir='ltr'><strong>undum</strong></span> <span class='ocrx_word' id='word_1_230' title='bbox 210 2930 258 2992; x_wconf 89' lang='lat' dir='ltr'><strong>sit.</strong></span> <span class='ocrx_word' id='word_1_231' title='bbox 307 2928 374 2991; x_wconf 80' lang='lat' dir='ltr'><strong>lta⁶</strong></span> <span class='ocrx_word' id='word_1_232' title='bbox 405 2946 491 2991; x_wconf 90' lang='lat' dir='ltr'><strong>more</strong></span> <span class='ocrx_word' id='word_1_233' title='bbox 520 2928 667 2990; x_wconf 89' lang='lat' dir='ltr'><strong>maiorum</strong></span> <span class='ocrx_word' id='word_1_234' title='bbox 696 2938 899 3010; x_wconf 88' lang='lat' dir='ltr'><strong>comparatum</strong></span> <span class='ocrx_word' id='word_1_235' title='bbox 923 2940 980 3012; x_wconf 89' lang='lat' dir='ltr'><strong>est,</strong></span> 
     </span>
    </p>

    <p class='ocr_par' dir='ltr' id='par_1_6' title="bbox 86 3008 980 3092">
     <span class='ocr_line' id='line_1_33' title="bbox 86 3008 980 3092; baseline 0.013 -24"><span class='ocrx_word' id='word_1_236' title='bbox 86 3008 142 3070; x_wconf 84' lang='lat' dir='ltr'><strong>utin</strong></span> <span class='ocrx_word' id='word_1_237' title='bbox 157 3012 283 3075; x_wconf 87' lang='lat' dir='ltr'><strong>minimis</strong></span> <span class='ocrx_word' id='word_1_238' title='bbox 299 3013 391 3075; x_wconf 84' lang='lat' dir='ltr'><strong>rebus</strong></span> <span class='ocrx_word' id='word_1_239' title='bbox 416 3012 554 3075; x_wconf 90' lang='lat' dir='ltr'><strong>homines</strong></span> <span class='ocrx_word' id='word_1_240' title='bbox 579 3013 753 3092; x_wconf 89' lang='lat' dir='ltr'><strong>amplissimi</strong></span> <span class='ocrx_word' id='word_1_241' title='bbox 778 3016 980 3080; x_wconf 89' lang='lat' dir='ltr'><strong>testimonium</strong></span> 
     </span>
    </p>

    <p class='ocr_par' dir='ltr' id='par_1_7' title="bbox 87 3084 1043 3260">
     <span class='ocr_line' id='line_1_34' title="bbox 87 3084 1043 3181; baseline 0.009 -28"><span class='ocrx_word' id='word_1_242' title='bbox 87 3084 112 3148; x_wconf 78' lang='lat' dir='ltr'><strong>le</strong></span> <span class='ocrx_word' id='word_1_243' title='bbox 128 3110 175 3156; x_wconf 88' lang='lat' dir='ltr'><strong>sna</strong></span> <span class='ocrx_word' id='word_1_244' title='bbox 194 3114 228 3157; x_wconf 90' lang='lat' dir='ltr'><strong>re</strong></span> <span class='ocrx_word' id='word_1_245' title='bbox 249 3113 311 3159; x_wconf 92' lang='lat' dir='ltr'><strong>non</strong></span> <span class='ocrx_word' id='word_1_246' title='bbox 329 3097 475 3159; x_wconf 86' lang='lat' dir='ltr'><strong>dicerent.</strong></span> <span class='ocrx_word' id='word_1_247' title='bbox 523 3093 695 3178; x_wconf 78' lang='lat' dir='ltr'><strong>Africanus,</strong></span> <span class='ocrx_word' id='word_1_248' title='bbox 719 3097 768 3178; x_wconf 90' lang='lat' dir='ltr'><strong>qui</strong></span> <span class='ocrx_word' id='word_1_249' title='bbox 785 3115 841 3160; x_wconf 90' lang='lat' dir='ltr'><strong>suo</strong></span> <span class='ocrx_word' id='word_1_250' title='bbox 858 3115 980 3181; x_wconf 76' lang='lat' dir='ltr'><strong>cogno·</strong></span> <span class='ocrx_word' id='word_1_251' title='bbox 993 3113 1043 3163; x_wconf 81' lang='lat' dir='ltr'><strong>roa</strong></span> 
     </span>
     <span class='ocr_line' id='line_1_35' title="bbox 87 3172 979 3260; baseline 0.017 -27"><span class='ocrx_word' id='word_1_252' title='bbox 87 3172 145 3235; x_wconf 88' lang='lat' dir='ltr'><strong>nina</strong></span> <span class='ocrx_word' id='word_1_253' title='bbox 170 3178 317 3258; x_wconf 85' lang='lat' dir='ltr'><strong>declarat,</strong></span> <span class='ocrx_word' id='word_1_254' title='bbox 352 3181 470 3242; x_wconf 87' lang='lat' dir='ltr'><strong>tertiam</strong></span> <span class='ocrx_word' id='word_1_255' title='bbox 501 3185 618 3260; x_wconf 87' lang='lat' dir='ltr'><strong>partem</strong></span> <span class='ocrx_word' id='word_1_256' title='bbox 649 3180 734 3242; x_wconf 88' lang='lat' dir='ltr'><strong>orbis</strong></span> <span class='ocrx_word' id='word_1_257' title='bbox 767 3189 915 3245; x_wconf 88' lang='lat' dir='ltr'><strong>terrarum</strong></span> <span class='ocrx_word' id='word_1_258' title='bbox 944 3203 979 3248; x_wconf 87' lang='lat' dir='ltr'><strong>se</strong></span> 
     </span>
    </p>

    <p class='ocr_par' dir='ltr' id='par_1_8' title="bbox 47 3254 983 3514">
     <span class='ocr_line' id='line_1_36' title="bbox 47 3254 981 3344; baseline 0.022 -35"><span class='ocrx_word' id='word_1_259' title='bbox 47 3307 48 3310; x_wconf 73' lang='grc'>,</span> <span class='ocrx_word' id='word_1_260' title='bbox 87 3254 228 3342; x_wconf 76' lang='lat' dir='ltr'><strong>abegisse,</strong></span> <span class='ocrx_word' id='word_1_261' title='bbox 258 3269 368 3338; x_wconf 86' lang='lat' dir='ltr'><strong>tamen,</strong></span> <span class='ocrx_word' id='word_1_262' title='bbox 395 3264 421 3326; x_wconf 91' lang='lat' dir='ltr'><strong>si</strong></span> <span class='ocrx_word' id='word_1_263' title='bbox 446 3279 572 3325; x_wconf 89' lang='lat' dir='ltr'><strong>suares</strong></span> <span class='ocrx_word' id='word_1_264' title='bbox 594 3270 747 3344; x_wconf 84' lang='lat' dir='ltr'><strong>ageretur,</strong></span> <span class='ocrx_word' id='word_1_265' title='bbox 778 3267 981 3331; x_wconf 84' lang='lat' dir='ltr'><strong>testimonium</strong></span> 
     </span>
     <span class='ocr_line' id='line_1_37' title="bbox 88 3344 982 3413; baseline 0.012 -12"><span class='ocrx_word' id='word_1_266' title='bbox 88 3344 266 3408; x_wconf 73' lang='lat' dir='ltr'><strong>euinceret.</strong></span> <span class='ocrx_word' id='word_1_267' title='bbox 312 3347 387 3409; x_wconf 90' lang='lat' dir='ltr'><strong>Nam</strong></span> <span class='ocrx_word' id='word_1_268' title='bbox 409 3346 483 3409; x_wconf 89' lang='lat' dir='ltr'><strong>illud</strong></span> <span class='ocrx_word' id='word_1_269' title='bbox 509 3347 539 3408; x_wconf 96' lang='lat' dir='ltr'><strong>in</strong></span> <span class='ocrx_word' id='word_1_270' title='bbox 564 3345 653 3408; x_wconf 90' lang='lat' dir='ltr'><strong>talem</strong></span> <span class='ocrx_word' id='word_1_271' title='bbox 674 3349 771 3409; x_wconf 88' lang='lat' dir='ltr'><strong>vinrm</strong></span> <span class='ocrx_word' id='word_1_272' title='bbox 799 3366 861 3411; x_wconf 92' lang='lat' dir='ltr'><strong>non</strong></span> <span class='ocrx_word' id='word_1_273' title='bbox 885 3351 982 3413; x_wconf 87' lang='lat' dir='ltr'><strong>audeo</strong></span> 
     </span>
     <span class='ocr_line' id='line_1_38' title="bbox 89 3415 983 3514; baseline 0.015 -31"><span class='ocrx_word' id='word_1_274' title='bbox 89 3415 186 3488; x_wconf 73' lang='lat' dir='ltr'><strong>dicere:</strong></span> <span class='ocrx_word' id='word_1_275' title='bbox 198 3431 223 3492; x_wconf 88' lang='lat' dir='ltr'><strong>si</strong></span> <span class='ocrx_word' id='word_1_276' title='bbox 240 3431 362 3510; x_wconf 89' lang='lat' dir='ltr'><strong>dicaret,</strong></span> <span class='ocrx_word' id='word_1_277' title='bbox 378 3449 441 3493; x_wconf 92' lang='lat' dir='ltr'><strong>non</strong></span> <span class='ocrx_word' id='word_1_278' title='bbox 457 3429 640 3492; x_wconf 86' lang='lat' dir='ltr'><strong>crederetur.</strong></span> <span class='ocrx_word' id='word_1_279' title='bbox 663 3431 770 3494; x_wconf 83' lang='lat' dir='ltr'><strong>Videte</strong></span> <span class='ocrx_word' id='word_1_280' title='bbox 787 3449 876 3510; x_wconf 89' lang='lat' dir='ltr'><strong>nune,</strong></span> <span class='ocrx_word' id='word_1_281' title='bbox 893 3451 983 3514; x_wconf 84' lang='lat' dir='ltr'><strong>quarn</strong></span> 
     </span>
    </p>

    <p class='ocr_par' dir='ltr' id='par_1_9' title="bbox 91 3515 984 3597">
     <span class='ocr_line' id='line_1_39' title="bbox 91 3515 984 3597; baseline 0.013 -30"><span class='ocrx_word' id='word_1_282' title='bbox 91 3517 156 3570; x_wconf 82' lang='lat' dir='ltr'><strong>vena</strong></span> <span class='ocrx_word' id='word_1_283' title='bbox 169 3518 312 3576; x_wconf 89' lang='lat' dir='ltr'><strong>etmutata</strong></span> <span class='ocrx_word' id='word_1_284' title='bbox 328 3515 359 3576; x_wconf 92' lang='lat' dir='ltr'><strong>in</strong></span> <span class='ocrx_word' id='word_1_285' title='bbox 376 3515 512 3597; x_wconf 88' lang='lat' dir='ltr'><strong>peiorem</strong></span> <span class='ocrx_word' id='word_1_286' title='bbox 526 3519 641 3595; x_wconf 87' lang='lat' dir='ltr'><strong>purtem</strong></span> <span class='ocrx_word' id='word_1_287' title='bbox 658 3516 718 3578; x_wconf 85' lang='lat' dir='ltr'><strong>sint</strong></span> <span class='ocrx_word' id='word_1_288' title='bbox 732 3517 841 3592; x_wconf 85' lang='lat' dir='ltr'><strong>omnia.</strong></span> <span class='ocrx_word' id='word_1_289' title='bbox 886 3516 984 3590; x_wconf 83' lang='lat' dir='ltr'><strong>Quum</strong></span> 
     </span>
    </p>
   </div>
   <div class='ocr_carea' id='block_1_5' title="bbox 93 3581 984 3682">
    <p class='ocr_par' dir='ltr' id='par_1_10' title="bbox 93 3581 984 3682">
     <span class='ocr_line' id='line_1_40' title="bbox 93 3581 984 3682; baseline 0.016 -31"><span class='ocrx_word' id='word_1_290' title='bbox 93 3581 119 3646; x_wconf 77' lang='lat' dir='ltr'><strong>lt</strong></span> <span class='ocrx_word' id='word_1_291' title='bbox 135 3590 211 3658; x_wconf 88' lang='lat' dir='ltr'><strong>bonis</strong></span> <span class='ocrx_word' id='word_1_292' title='bbox 237 3603 266 3661; x_wconf 86' lang='lat' dir='ltr'><strong>et</strong></span> <span class='ocrx_word' id='word_1_293' title='bbox 295 3599 333 3662; x_wconf 88' lang='lat' dir='ltr'><strong>de</strong></span> <span class='ocrx_word' id='word_1_294' title='bbox 355 3598 438 3662; x_wconf 83' lang='lat' dir='ltr'><strong>cede</strong></span> <span class='ocrx_word' id='word_1_295' title='bbox 459 3603 585 3682; x_wconf 79' lang='lat' dir='ltr'><strong>agatrrr,</strong></span> <span class='ocrx_word' id='word_1_296' title='bbox 624 3600 827 3662; x_wconf 90' lang='lat' dir='ltr'><strong>testimonium</strong></span> <span class='ocrx_word' id='word_1_297' title='bbox 850 3600 984 3666; x_wconf 84' lang='lat' dir='ltr'><strong>dicturus</strong></span> 
     </span>
    </p>
   </div>
   <div class='ocr_carea' id='block_1_6' title="bbox 94 3711 288 3740">
    <p class='ocr_par' dir='ltr' id='par_1_11' title="bbox 94 3711 288 3740">
     <span class='ocr_line' id='line_1_41' title="bbox 94 3711 288 3740; baseline 0.005 -1"><span class='ocrx_word' id='word_1_298' title='bbox 94 3711 288 3740; x_wconf 31' lang='lat' dir='ltr'><strong>*uu——</strong></span> 
     </span>
    </p>
   </div>
   <div class='ocr_carea' id='block_1_7' title="bbox 120 3782 905 3932">
    <p class='ocr_par' dir='ltr' id='par_1_12' title="bbox 120 3782 905 3932">
     <span class='ocr_line' id='line_1_42' title="bbox 120 3782 905 3879; baseline 0.014 -39"><span class='ocrx_word' id='word_1_299' title='bbox 120 3782 283 3879; x_wconf 58' lang='lat' dir='ltr'><strong>:rineuncin</strong></span> <span class='ocrx_word' id='word_1_300' title='bbox 356 3794 486 3849; x_wconf 57' lang='lat' dir='ltr'><strong>’Rome</strong></span> <span class='ocrx_word' id='word_1_301' title='bbox 557 3793 658 3848; x_wconf 74' lang='lat' dir='ltr'><strong>&#39;cota</strong></span> <span class='ocrx_word' id='word_1_302' title='bbox 676 3821 711 3832; x_wconf 95' lang='lat'><em>-</em></span> <span class='ocrx_word' id='word_1_303' title='bbox 731 3811 777 3848; x_wconf 77' lang='lat' dir='ltr'><strong>en.</strong></span> <span class='ocrx_word' id='word_1_304' title='bbox 799 3811 854 3852; x_wconf 82' lang='lat' dir='ltr'><strong>nos.</strong></span> <span class='ocrx_word' id='word_1_305' title='bbox 903 3809 905 3814; x_wconf 86' lang='lat'>&#39;</span> 
     </span>
     <span class='ocr_line' id='line_1_43' title="bbox 148 3855 860 3932; baseline 0.008 -18"><span class='ocrx_word' id='word_1_306' title='bbox 148 3855 196 3925; x_wconf 66' lang='lat' dir='ltr'><strong>lep.</strong></span> <span class='ocrx_word' id='word_1_307' title='bbox 213 3863 290 3926; x_wconf 85' lang='lat' dir='ltr'><strong>Quasi</strong></span> <span class='ocrx_word' id='word_1_308' title='bbox 318 3881 382 3918; x_wconf 82' lang='lat' dir='ltr'><strong>vero</strong></span> <span class='ocrx_word' id='word_1_309' title='bbox 409 3883 461 3918; x_wconf 89' lang='lat' dir='ltr'><strong>non</strong></span> <span class='ocrx_word' id='word_1_310' title='bbox 487 3867 513 3917; x_wconf 82' lang='lat' dir='ltr'><strong>iu</strong></span> <span class='ocrx_word' id='word_1_311' title='bbox 533 3883 557 3917; x_wconf 92' lang='lat' dir='ltr'><strong>n.</strong></span> <span class='ocrx_word' id='word_1_312' title='bbox 576 3883 600 3917; x_wconf 83' lang='lat' dir='ltr'><strong>a.</strong></span> <span class='ocrx_word' id='word_1_313' title='bbox 657 3865 788 3932; x_wconf 77' lang='lat' dir='ltr'><strong>⁶ltaque.</strong></span> <span class='ocrx_word' id='word_1_314' title='bbox 849 3875 860 3885; x_wconf 80' lang='grc'><strong>“</strong></span> 
     </span>
    </p>
   </div>
   <div class='ocr_carea' id='block_1_8' title="bbox 0 0 1312 4310">
    <p class='ocr_par' dir='ltr' id='par_1_13' title="bbox 0 0 1312 4310">
     <span class='ocr_line' id='line_1_44' title="bbox 0 0 1312 4310; baseline 0 0"><span class='ocrx_word' id='word_1_315' title='bbox 0 0 1312 4310; x_wconf 95' lang='lat' dir='ltr'><strong> </strong></span> 
     </span>
    </p>
   </div>
  </div>
 </body>
</html>
