2490 4316
295 273 587 338 anthiaclch·
605 281 760 339 aalma.
829 337 835 344 ,
942 289 991 338 211

59 457 161 522 haheo
183 456 217 518 L.
239 453 376 533 Pisoni,
396 455 446 552 qui
470 469 574 536 nou,
592 453 672 536 quid*
687 453 809 518 officere
832 418 937 540 posset
958 458 999 538 ia,

57 560 94 604 re
118 539 260 622 publica,
283 539 443 622 cogitavit,
469 539 523 602 sed
544 539 616 620 quid
637 537 739 602 iacere
761 540 827 622 ipse
848 541 972 604 deberet
979 563 989 619 ;

59 624 172 688 deinde
197 642 214 685 a
234 623 338 700 vohis,
362 628 463 703 patres
486 623 669 705 conscripti,
689 628 777 704 peto,
801 628 850 702 ut,
872 626 989 689 etiamsi
1048 643 1051 650 ·
1103 617 1110 633 ‘

57 709 149 790 sequi
164 707 280 770 miuus
315 705 462 769 audebitis
502 707 669 768 orationem
702 712 790 788 atque
826 710 989 771 auctorita..

56 799 124 936 seqq
142 807 260 870 meam,
291 789 424 872 henigne
454 807 502 852 me
532 796 650 869 tamon,
687 797 721 852 ut
745 790 841 854 adhuc
862 790 989 870 fecistis,

56 894 96 938 au
120 875 199 936 iatis
466 889 468 896 ’

153 955 283 1020 Primum
314 955 407 1038 igitur
435 960 499 1017 acta
533 951 663 1019 Cesaris
691 956 849 1020 servanda
864 967 1033 1038 censeo,1t

56 1057 121 1102 non
143 1054 215 1121 quo
238 1038 371 1119 probem
405 1037 486 1119 (quis
519 1039 597 1101 enim
629 1040 659 1103 id
689 1040 808 1122 quidem
836 1041 988 1124 potasti),

56 1123 116 1186 sed
146 1123 217 1204 quia
240 1123 387 1184 rationem
407 1121 575 1200 hahendam
602 1124 732 1186 maxime
753 1124 888 1187 arbitror
901 1125 987 1207 pacis

56 1213 151 1286 atque
182 1207 244 1268 otii.
296 1204 413 1266 Vellem
444 1205 567 1270 adesset
593 1207 760 1284 Antonius,
798 1207 888 1270 modo
919 1209 987 1271 siue

53 1290 224 1352 advocatis.
273 1287 352 1366 Sed,
386 1294 419 1350 ut
443 1289 569 1369 opinor,
602 1289 676 1353 iicet
698 1293 726 1354 ei
752 1291 850 1353 miuus
872 1290 986 1369 valere,
1108 1291 1113 1306 ⁸

55 1373 143 1455 quod
165 1373 237 1434 mihi
261 1371 327 1434 heri
350 1389 406 1452 per
430 1372 512 1433 ilium
537 1386 598 1434 non
620 1374 714 1436 licuit.—
765 1373 898 1436 Doceret
926 1391 986 1453 me,

53 1458 107 1518 vel
141 1457 242 1538 potius
271 1471 345 1533 vos,
379 1461 482 1537 patres
512 1454 694 1538 conscripti,
737 1456 986 1538 quemadmodum

52 1543 128 1623 ipse
159 1537 286 1600 Caesaris
316 1544 381 1600 acta
411 1537 595 1601 defenderet.
643 1539 692 1601 Au
719 1541 751 1602 in
771 1541 986 1603 commentari-

53 1625 119 1686 olis
142 1627 173 1684 et
194 1621 403 1704 chirographis
428 1627 459 1683 ei
483 1618 602 1696 libeliis
617 1637 655 1691 se,
669 1639 730 1684 uno
755 1625 883 1684 auctore
908 1639 986 1704 pro·
1075 1675 1077 1682 .
1104 1669 1112 1678 .

52 1707 148 1783 hatis,
181 1721 220 1766 ue
247 1704 388 1786 prolatis
403 1703 541 1784 quidem,
572 1704 628 1766 sed
657 1705 859 1767 tantummodo
888 1705 986 1783 dictis,
1055 1757 1057 1761 ,

52 1797 126 1853 acta
153 1787 281 1850 Caesaris
311 1785 394 1848 duca
424 1793 529 1848 eruut:
571 1805 638 1868 quae
667 1788 720 1851 ille
748 1789 779 1849 in
807 1791 849 1850 ae's
870 1788 986 1865 incidit,
1086 1811 1087 1814 ¹

52 1875 87 1937 in
121 1889 183 1954 quo
207 1871 311 1953 popuii
335 1871 417 1933 iussa
438 1875 660 1952 perpetuasque
682 1871 767 1954 leges
790 1887 861 1949 esse
880 1871 986 1950 voluit,

52 1975 117 2040 pro
150 1953 244 2016 nihilo
279 1953 491 2016 habebuntur?
535 1953 681 2036 Equidem
707 1955 870 2031 'existimo,
911 1955 986 2020 nihii
998 1968 1031 2018 ιι
1059 2043 1062 2057 Ι

51 2049 119 2104 tam
143 2055 213 2100 esse
234 2038 265 2099 in
290 2037 363 2098 actis
387 2035 516 2099 Caesaris
536 2055 624 2117 quam
645 2037 732 2120 leges
756 2035 906 2102 Cesum·
925 2037 986 2115 Am,
1077 2103 1080 2122 ,

51 2127 82 2189 si
111 2123 163 2184 oui
185 2121 257 2201 quid
282 2121 333 2182 illa
354 2121 507 2200 promisit,
530 2121 641 2182 id‘erit
661 2113 774 2200 fixum,
802 2119 986 2202 quo'd'idcrh

50 2224 122 2280 non
153 2204 282 2266 tacerc1
314 2203 432 2284 potuit,
465 2209 497 2265 ut
525 2204 625 2266 multis
644 2204 735 2266 marita
756 2204 905 2286 promissa
924 2219 987 2268 uon
1103 2211 1107 2222 ’

53 2282 170 2364 iecit3¹
193 2305 259 2368 quae
288 2291 398 2365 tamen,
417 2286 511 2362 multo
531 2286 619 2367 plura
643 2287 697 2349 iilo
722 2295 840 2350 mortuo
864 2281 985 2375 reperta

52 2379 150 2449 suut,
181 2387 269 2452 quam
293 2387 310 2432 a
331 2371 401 2431 vivo
423 2367 570 2430 beneficia
598 2383 654 2451 per
677 2387 782 2434 omnes
807 2387 903 2432 armos
927 2371 985 2434 tri-¹

51 2459 131 2520 buta
168 2461 198 2516 et
237 2453 305 2516 data
315 2473 324 2528 ;
345 2474 350 2477 ·
373 2452 428 2514 sed
466 2469 502 2514 eu
534 2469 596 2514 non
629 2459 731 2530 muto,
771 2466 834 2530 nou
865 2449 985 2532 moveo,

51 2555 178 2604 sumum
201 2537 290 2598 etiam
312 2535 411 2598 studio
435 2535 520 2597 iliius
539 2535 714 2616 praeclara*
728 2552 731 2566 ¹
745 2543 811 2599 acta
833 2533 967 2598 deiende
973 2550 1000 2626 ς,

50 2621 191 2708 pecuma
213 2621 325 2683 utinam
349 2619 386 2682 ad
408 2617 482 2700 Opis
495 2618 655 2700 moueret!
692 2625 816 2682 cruenta
837 2619 889 2682 ilia
912 2617 985 2700 qui-

52 2709 149 2781 dem,
175 2704 228 2766 sed
248 2703 293 2766 his
312 2702 517 2784 temporibus,
541 2702 681 2783 quoniam
703 2703 760 2781 iis,
780 2703 907 2784 prorum
929 2707 985 2778 esi,
1037 2719 1039 2724 ·

50 2804 122 2853 non
143 2787 295 2863 redditur,
319 2786 509 2862 necessaria3
547 2794 724 2866 quamquam
746 2803 783 2850 ea
804 2802 930 2868 quoque⁴
945 2785 987 2848 sit

51 2874 176 2947 effusa,
208 2871 234 2933 si
256 2871 297 2932 ita
319 2871 350 2930 ia
372 2869 445 2932 actis
467 2868 539 2944 fuit3
588 2870 696 2950 ecquid
724 2876 786 2948 ast,
822 2869 903 2951 quod
925 2875 1031 2938 ιιιιιιιο

49 2955 186 3040 proprie
208 2953 266 3016 dici
295 2953 392 3033 possit
417 2957 514 3014 actum
545 2952 627 3028 eius,
663 2952 715 3032 qui
743 2957 864 3034 togatus
893 2946 924 3014 in
950 2965 986 3018 re

50 3039 182 3122 publica
205 3055 271 3098 oum
290 3039 438 3118 potestate
459 3035 647 3116 imperioque
666 3040 802 3097 versatus
823 3035 873 3118 sit,
896 3043 986 3117 quum

52 3122 139 3186 lex?
173 3120 364 3193 Quaeroaeta
387 3118 532 3180 Gracchi:
563 3117 649 3200 leges
671 3116 856 3200 Semproniae
874 3117 986 3202 profe-¹

51 3212 183 3279 rentur3
215 3221 317 3284 quaere
337 3201 445 3266 Saliae:
479 3201 637 3264 Cornelia.
681 3200 784 3274 Quid?
821 3200 874 3263 Cn.
893 3199 985 3263 Pom-⁴
1033 3265 1037 3274 ,

51 3290 123 3372 peii
161 3287 266 3349 tertius
303 3285 477 3348 consulatus
515 3285 547 3346 iu
579 3284 687 3365 quibus
721 3285 795 3348 actis
826 3281 986 3346 constitut

54 3373 178 3453 Nempe
208 3371 239 3432 in
270 3368 398 3451 iegibus.
449 3369 496 3430 Da
518 3367 639 3430 Caesare
669 3370 737 3450 ipso
767 3367 793 3430 si
823 3381 987 3448 quereres,
1083 3399 1085 3411 ι

55 3456 206 3538 quidnam
234 3455 349 3536 egisset
377 3453 409 3514 in
439 3451 515 3514 urbe
544 3455 573 3512 et
594 3451 626 3513 in
648 3457 738 3533 toga,
772 3450 858 3532 leges
879 3448 986 3511 multas
1020 3457 1031 3466 ’

54 3537 263 3619 responderet
297 3551 332 3598 se
363 3539 393 3596 et
426 3535 586 3616 preclaras
619 3534 740 3608 tulisse3
786 3531 988 3616 chirographa

55 3637 137 3684 vero
159 3627 208 3684 aut
236 3624 363 3683 mutaret
394 3623 444 3681 aui
475 3635 537 3680 non
566 3617 651 3681 daret
677 3621 745 3695 aut,
785 3615 811 3678 si
845 3614 987 3692 dedisset,

55 3721 125 3768 non
156 3705 228 3767 istas
257 3693 371 3766 res-id
398 3702 473 3765 actis
495 3703 558 3765 suis
580 3701 711 3764 duceret.
756 3697 816 3763 Sed
838 3693 903 3788 haec
921 3697 988 3781 ipsa

102 3878 225 3948 ¹,iacere
245 3894 304 3930 nori.
364 3878 376 3910 ²
397 3877 521 3944 praeclara
541 3875 615 3930 iliius.

692 4081 696 4089 ι
741 3979 789 4068 ,44

1191 1504 1195 1513 ι
