2546 4310
285 253 350 308 tut

225 375 314 464 ¹nemo
337 421 394 465 non
416 406 532 482 videt3-
551 406 650 466 eadm
673 401 756 466 oodd.
778 405 856 482 liri,
891 405 1030 484 datm
1045 407 1165 488 Salisb,

142 550 149 560 ,
233 490 295 548 Ριι.
319 490 357 547 lll
387 489 542 566 (leidensis
575 490 694 548 0rellins
725 497 830 547 tantum
861 493 980 548 selectas
1009 497 1168 569 scripturas

231 571 324 647 ponit)
355 581 471 646 propter
490 573 618 631 similem
648 575 869 632 terminationem
902 568 951 644 [et
954 579 1015 646 am)
1055 580 1168 638 excidit

233 657 348 714 alteram
367 658 532 713 membrum·
554 672 639 729 paam
654 655 742 714 rerba
757 655 905 730 aidebam‚·
929 676 982 716 nec
1004 662 1166 738 deluerunt,

234 741 282 814 qui
306 741 467 814 probarent,
488 740 644 796 Benccldus
666 747 694 797 et
718 742 863 798 soldanus.

323 825 384 892 §18
413 823 557 895 lllotzius,
592 824 766 897 Beneokins,
803 825 939 882 soldanus
974 825 1164 898 scripserunt:

232 903 378 978 simistrum
408 907 489 962 illam
518 905 684 980 quibusdam
714 907 899 976 incommodis
927 915 956 966 et
986 909 1165 967 aeramentis

227 996 353 1062 propter·¹
369 989 552 1060 offensionem
572 991 659 1048 animi
679 991 723 1048 tui
741 993 944 1064 memineraot3
987 997 1016 1049 'et
1044 999 1090 1046 est
1121 993 1164 1050 ita

230 1074 260 1130 in
282 1073 426 1130 codicibus
448 1080 476 1130 et
498 1074 617 1130 laudatis
641 1081 670 1130 et
690 1074 793 1146 multis,
814 1081 871 1131 tum
892 1075 977 1132 stiam
998 1076 1027 1132 in
1043 1075 1164 1133 scholiis

231 1154 414 1214 adronovio
446 1163 474 1212 et
495 1171 511 1212 a
532 1157 605 1214 lilaio
635 1155 705 1232 (non
735 1175 751 1214 e
782 1158 926 1216 codicibus
957 1159 1172 1234 palimpsesto).

230 1240 322 1296 editis.
363 1241 448 1296 Recte
469 1246 559 1296 tamen
579 1238 648 1296 Gud.
672 1243 689 1298 1
714 1247 743 1297 at
770 1241 884 1298 oodioes
913 1243 960 1320 alii
985 1241 1068 1316 pauci
1096 1258 1164 1300 om-

130 1317 132 1323 ’
229 1339 333 1396 uesqne
357 1323 493 1380 editiones
516 1321 649 1394 affectam
677 1324 786 1380 habent.
833 1324 932 1380 Elevat
951 1326 1023 1382 enim
1045 1325 1162 1398 Cicero,

230 1412 473 1480 qnantumpotest,
488 1407 634 1478 uerbisea,
653 1423 712 1480 quae
723 1407 1047 1480 Deiotarioaccideraot,
1065 1409 1163 1479 signi-

229 1485 358 1564 ficatque,
391 1491 479 1546 nullas
505 1490 599 1561 grauis
624 1490 682 1548 odii
704 1507 802 1547 causas
824 1491 926 1564 luisse,
963 1491 1056 1565 itaque
1079 1491 1162 1563 aflli-

228 1581 291 1628 ctas
308 1591 396 1646 neque
419 1589 471 1648 per
491 1590 522 1630 ae
543 1573 689 1631 Deiotarus
711 1574 767 1630 diei
789 1579 900 1648 poterat
923 1590 1011 1648 neque
1034 1575 1064 1630 id
1089 1591 1161 1632 uer-

226 1655 290 1712 bum
310 1658 367 1715 ullo
392 1658 475 1716 modo
502 1657 634 1730 coniungi
663 1664 757 1732 potest
788 1673 849 1716 cum
880 1657 937 1714 leni
966 1658 1158 1732 appellatione

226 1740 482 1798 incommodorum
488 1741 739 1837 quorumdam.

266 1827 337 1892 ·§
363 1827 411 1894 to,
432 1825 478 1881 nbi
495 1824 595 1880 Cicero
612 1825 727 1897 primum
745 1825 873 1883 universe
893 1825 1053 1882 Deiotarum
1074 1822 1158 1896 dicit,

226 1907 273 1982 qui
306 1913 417 1964 senatos
450 1907 641 1964 auctoritatem
673 1907 784 1964 maximi
817 1907 910 1965 lacere
953 1907 1158 1978 consuevisset,

225 1991 412 2067 perturbatum
440 2007 502 2046 esse
524 1988 625 2046 iisdem
645 1980 746 2064 rebus,
759 1989 872 2073 quibua
897 2007 969 2063 eos,
997 1990 1158 2065 quintinus

223 2074 380 2153 perturbari
404 2073 559 2144 debuerint,
591 2073 691 2130 deinde
714 2075 764 2130 bas
786 2090 832 2129 res
855 2081 884 2130 et
905 2075 976 2130 bano
999 2074 1154 2147 perturba-

223 2159 327 2214 tionem
349 2157 507 2228 singulatim
525 2156 659 2214 describit
681 2161 714 2226 (S
740 2159 795 2214 11:
829 2157 920 2228 Quam
939 2156 1053 2214 madiret
1070 2153 1153 2231 eta),

223 2257 276 2314 pro
306 2241 399 2298 verbis
432 2241 534 2314 paipoe
556 2239 637 2297 illam
668 2240 794 2296 ordimem
816 2241 844 2296 in
865 2240 923 2297 liri.
946 2248 974 2297 et
996 2240 1154 2312 Salisbnrg.

225 2321 311 2390 (Oxx.
330 2319 432 2398 tribus)
463 2323 608 2380 scribitur:
637 2325 742 2398 paipoe
762 2339 826 2380 eam
853 2323 934 2381 ilium
955 2321 1098 2395 ordinem,
1123 2326 1154 2382 in

224 2405 294 2464 (iud.
308 2408 340 2479 2,
360 2407 421 2464 Par.
443 2407 501 2464 lll:
519 2408 623 2481 parique
644 2401 808 2464 camillam
828 2405 890 2463 ord.
933 2405 1003 2464 ilino
1025 2405 1154 2462 lllotuiua

222 2491 295 2548 hane
316 2489 412 2548 elfecit
433 2490 595 2566 periodum:
633 2491 663 2548 le
683 2507 754 2563 res,
782 2507 864 2563 poem
884 2499 1000 2548 samatus
1020 2485 1074 2548 imi
1095 2505 1153 2544 mo-

179 2602 182 2608 s
222 2574 296 2633 miae
316 2589 391 2646 saepe
414 2574 703 2647 honorificentissimis
723 2574 845 2630 decretis
865 2573 1065 2646 appellavisset
1085 2574 1153 2646 pai-

222 2673 294 2731 qoe,
326 2675 410 2731 paam
431 2657 513 2716 ilium
535 2657 661 2716 ordinem
683 2657 720 2714 ab
742 2656 934 2714 adolescentia
955 2657 1153 2732 pravissimam

137 2735 143 2748 ⁸
221 2742 481 2815 saactr'ssimompoe
503 2741 639 2814 desisset,
659 2741 759 2798 iisdem
780 2739 866 2798 rebus
888 2749 932 2798 est
951 2737 1148 2814 perturbatas,

222 2823 304 2882 bomo
329 2825 499 2900 loupiapoas
529 2833 557 2882 et
585 2825 762 2896 aliemipeua,
795 2823 897 2899 quibas
924 2839 978 2882 aas
1004 2825 1037 2881 ia
1055 2821 1151 2880 media

221 2906 367 2981 republica
382 2911 445 2966 acti
465 2925 628 2983 semperque
649 2911 764 2978 casati,
783 2925 869 2981 paam
889 2908 1011 2980 audiret,
1031 2914 1151 2964 scamas

221 2994 423 3050 consentientis
446 2994 720 3050 auctoritataarma
742 2999 853 3064 sumpta
873 3007 952 3064 esse,
986 3019 1021 3032 -
1050 3005 1150 3070 mooe-

221 3075 306 3132 batur
335 3077 429 3132 aaimo
460 3082 531 3149 eto,
564 3078 667 3148 inqua
693 3076 800 3146 dubito,
824 3075 890 3148 quid
913 3075 1030 3131 maxime
1051 3075 1146 3144 mirer,

219 3159 398 3217 modorumne
428 3164 457 3216 et
483 3166 637 3232 temporum
660 3161 689 3216 in
719 3159 824 3216 duabus
847 3159 991 3215 sententiis
1020 3156 1147 3215 relatiuis

219 3242 342 3300 eiusdem
364 3243 483 3298 causalis
506 3241 718 3314 significationis
745 3241 994 3299 coniunctis'hane
1019 3240 1146 3299 uarieta-

217 3333 292 3382 tem:
336 3326 387 3397 pai
420 3353 454 3365 ·-
486 3325 684 3398 appellavisset
705 3327 808 3398 quique
831 3353 866 3366 -
888 3323 1072 3396 perturbatas
1091 3329 1146 3394 est,

218 3425 254 3466 an
273 3409 302 3465 in
324 3408 423 3465 iisdem
447 3409 590 3465 sententiis
623 3409 777 3480 argumenti
807 3407 1074 3486 dissimilitudinem,
1109 3423 1145 3464 am

216 3509 317 3566 rerum,
331 3492 614 3564 coniunctissimernm
638 3494 735 3564 (passa
752 3499 869 3549 senatres
890 3521 925 3532 ·-
945 3491 1145 3564 appellavisset

221 3605 254 3617 -
280 3575 360 3634 iliam
383 3575 511 3630 ordimem
536 3604 569 3614 -
597 3573 739 3644 desisset)
760 3575 987 3646 distractionem,
1018 3592 1052 3631 an
1073 3591 1143 3648 pra-

215 3658 329 3716 vitatem
355 3658 436 3714 buius
465 3659 609 3716 sententiae
631 3657 856 3734 progressionis:
888 3661 938 3733 pai
955 3655 1142 3732 perturbatas

215 3750 258 3798 est
284 3772 316 3782 -
342 3739 509 3798 movebatur
528 3743 640 3816 animo,
680 3759 714 3799 an
747 3742 867 3818 protasis
897 3757 1004 3800 omnem
1025 3747 1141 3798 euentus

217 3841 324 3884 cansam
354 3825 507 3900 complexa
539 3834 600 3887 curt
631 3826 748 3906 apodas
777 3826 894 3918 primum
922 3825 1000 3900 qiuari
1024 3829 1140 3884 euentus
