2490 4316
260 159 550 288 rnrurdrrcn
575 209 808 312 sueones.
940 219 996 272 see

68 384 203 447 vulnera.
248 383 318 449 Duo
349 379 431 450 milia
460 386 599 470 iugerum
630 385 728 469 campi
758 385 897 452 Leontini
922 386 994 457 Sex.

68 467 178 531 Clodio
208 467 325 532 rhetori
354 471 533 553 assignasti,
566 471 596 532 et
625 471 745 552 quidem
772 471 931 550 immunia,
962 478 996 536 ut

65 551 174 634 populi
201 550 329 615 Romani
352 557 433 616 tanta
453 552 596 620 mercede
622 554 697 617 nibil
719 571 827 636 supere
851 555 994 618 disceres

65 635 145 699 Num
176 636 266 697 etiam
296 635 375 712 boc,
416 637 507 704 hono
537 637 754 716 audacissime,
795 656 835 700 ex
863 637 994 706 cesaris
1026 701 1032 706 .

65 719 319 782 connitentariis?
357 718 418 786 Sed
439 721 536 790 dicam
557 721 617 783 alio
641 721 710 790 loco
734 728 764 784 et
785 721 824 789 de
844 720 994 786 Leontino

65 819 143 885 agro
165 808 196 864 et
219 802 257 864 de
279 801 452 884 Campano,
486 821 564 885 quos
593 805 654 869 iste
680 821 772 888 agros
804 811 926 887 ereptos
947 806 994 868 rei

64 885 196 968 publice
227 887 409 967 turpissimis
436 888 670 970 possessoribus
701 889 877 969 inquinavit.
933 889 997 952 lam

65 971 167 1048 enirn,
203 970 346 1050 quoniam
369 971 544 1034 criminibus
570 972 636 1034 eius
662 967 736 1039 sutis
758 971 921 1054 respondi,
936 1001 938 1004 ·
954 973 994 1035 de

66 1054 135 1134 ipso
167 1053 362 1116 emendatore
377 1060 423 1117 ..et
453 1062 630 1124 correctore
656 1062 760 1122 nostro
783 1055 920 1137 quedam
942 1056 994 1119 di-

65 1135 162 1198 oenda
186 1141 265 1199 sunt.
310 1135 375 1201 Neo
397 1137 477 1201 enim
499 1139 599 1200 omnia
622 1137 790 1217 effundam,
808 1145 861 1218 ut,
881 1140 909 1205 si
931 1137 1010 1202 sul

63 1221 136 1302 pius
159 1218 372 1282 decertandum
395 1221 444 1298 sit,
465 1227 499 1284 ut
520 1223 588 1298 erit,
609 1239 847 1302 sempernovns
866 1223 995 1301 veniunt,

64 1321 157 1385 quam
177 1300 351 1370 facultatem
372 1303 445 1371 mibi
467 1304 623 1373 multitudo
645 1307 733 1372 istius
755 1306 893 1369 vitiorum
916 1323 995 1390 pec-

64 1394 264 1468 catorumque
288 1387 443 1470 largitus*
1117 1433 1119 1437 -

155 1469 250 1534 Visne
267 1470 360 1552 igitur
382 1477 413 1532 te
433 1471 631 1552 inspiciamus
654 1486 676 1534 a
693 1469 818 1550 puero?
839 1467 901 1546 Sic,
922 1459 1110 1551 opi-4418

63 1571 143 1630 nor;
164 1571 185 1615 a
204 1553 357 1635 principio
376 1553 539 1620 ordiamur.
573 1553 713 1616 Tenesne
735 1553 891 1629 memoria,
911 1569 996 1633 pru·

63 1642 212 1705 tentatum
235 1641 266 1699 te
289 1637 478 1702 decoxisse?
521 1637 635 1715 Patris,
658 1636 796 1716 inquies,
825 1636 884 1701 ista
906 1634 996 1716 culpa

64 1726 122 1789 est.
173 1717 328 1785 Concedo.
371 1720 492 1783 Etenim
517 1727 566 1784 est
585 1719 705 1802 pietatis
726 1718 817 1799 plenu
847 1717 996 1781 defensio.

63 1803 144 1867 lllud
165 1807 265 1867 tannen
288 1802 517 1882 audaciaetuae,
549 1803 630 1884 quod
655 1801 759 1868 sedisti
782 1803 814 1868 in
834 1807 996 1883 *quatuor-

60 1887 166 1952 decim
185 1886 354 1964 ordinibus,
377 1903 468 1968 quum
491 1893 572 1949 esset
593 1886 663 1969 lege
688 1885 798 1951 Roscia
821 1885 996 1950 decoctori-

63 1972 123 2034 bus
146 1976 248 2032 certus
273 1969 361 2036 locus
382 1971 581 2048 constitutus,
615 1969 750 2051 quande
778 1969 845 2049 quis
866 1967 996 2036 lortunae

62 2055 151 2131 vitio,
173 2069 235 2114 non
258 2069 315 2115 suo
337 2052 519 2118 deseruisset.
568 2053 728 2136 Sumpsisti
749 2053 879 2130 virilem,
906 2069 996 2131 quam

62 2137 168 2205 statim
192 2136 369 2203 muliebrem
388 2142 495 2220 'togam
519 2137 690 2203 reddidisti.
736 2135 836 2203 Primo
866 2134 996 2218 vulgare

62 2226 221 2295 scortum3
256 2225 341 2282 certa
364 2217 470 2302 flagitii
491 2237 621 2299 meroes,
645 2239 703 2284 nec
725 2237 762 2282 ea
786 2237 898 2302 parva3
940 2218 996 2280 sed

62 2307 127 2368 cito
157 2301 251 2366 Curio
280 2303 459 2381 intervenit,
493 2304 545 2385 qui
568 2311 600 2366 te
629 2321 647 2366 a
674 2304 848 2368 meretricio
881 2307 997 2383 questo

62 2387 192 2452 abduxit
214 2393 256 2466 et,
277 2392 429 2466 tamquam
450 2387 558 2449 stolam
583 2386 727 2465 dedisset,
751 2387 783 2448 in
805 2385 996 2452 matrimonio

62 2470 219 2536 stabiliet
239 2475 325 2547 certo
345 2469 466 2536 locavit
499 2469 595 2536 Nemo
618 2487 758 2552 umquam
777 2485 857 2550 puer
877 2473 995 2549 emptus
1007 2478 1043 2528 to
1167 2531 1175 2546 ,

62 2553 202 2620 libidinis
224 2567 318 2619 causa
337 2558 397 2615 tam
418 2552 475 2617 fuit
496 2555 527 2618 in
547 2554 659 2620 domini
681 2557 831 2634 potestate
852 2567 941 2634 quum
962 2556 996 2612 tu

62 2642 97 2703 in
125 2637 278 2700 Curionis.
328 2636 457 2710 Quoties
486 2643 517 2699 te
538 2644 626 2718 pater
648 2639 716 2700 eius
739 2637 830 2699 domu
850 2652 906 2698 sua
928 2635 997 2697 eie·-

63 2720 133 2786 cit?
177 2721 297 2801 quoties
324 2719 466 2786 custodes
494 2722 613 2802 posuit,
648 2739 688 2783 ne
720 2720 811 2782 limen
838 2717 995 2780 intrares?

64 2823 160 2888 quum
183 2809 215 2869 lu
235 2811 353 2882 tamen,
376 2810 466 2868 nocte
485 2805 586 2883 socia,
615 2805 751 2868 hortante
772 2803 913 2879 libidine,
938 2819 996 2864 co-

64 2893 160 2972 gente
183 2886 344 2965 mercede,
374 2903 431 2968 per
454 2887 573 2970 tegulas
593 2887 794 2950 demitterere.
842 2887 917 2960 Quo,
937 2883 997 2947 ila-

64 2971 142 3055 gilio
173 2970 280 3034 domus
309 2971 363 3033 illa
390 2969 503 3034 diutius
534 2969 618 3032 ferre
642 2987 704 3032 non
727 2969 850 3051 potuit·
878 2966 996 3046 Scisne,

64 3073 116 3117 me
149 3053 188 3116 de
220 3054 314 3116 rebus
345 3053 418 3116 mibi
450 3053 618 3118 notissimis
652 3053 779 3116 dicere?
823 3052 997 3115 Recordare

65 3145 187 3220 tempus
206 3137 298 3215 illud,
328 3155 419 3221 quum
441 3143 528 3219 poter
551 3135 643 3200 Curio
665 3153 804 3202 maerens
826 3137 944 3200 iacebat
964 3142 997 3196 ¹rn
1058 3178 1064 3184 -

66 3223 169 3300 lecto,
200 3220 280 3284 lilius
307 3239 342 3284 se
369 3222 406 3284 ad
427 3221 523 3304 pedes
539 3237 631 3285 meos
652 3227 869 3302 prosternens,
901 3217 996 3281 lacri-
1036 3219 1040 3228 '

65 3322 170 3382 mans,
203 3311 233 3368 te
254 3304 327 3367 mibi
353 3303 597 3382 commendabat,
630 3305 755 3381 orabat,
788 3309 821 3366 ut
841 3309 870 3366 te
892 3307 997 3368 eontra
1120 3349 1128 3356 -
1231 3361 1232 3373 ,

66 3407 155 3464 supm
178 3393 305 3470 patrem,
327 3389 355 3451 si
377 3389 548 3452 sestertium
572 3389 715 3472 sexagies
736 3391 864 3470 peteret,
885 3383 996 3448 deien-

67 3471 191 3548 derem3
237 3476 352 3533 tanturm
379 3471 459 3534 enim
488 3488 524 3534 se
545 3489 603 3554 pro
622 3478 654 3534 te
675 3469 887 3534 intercessisse
908 3469 996 3530 dice-

65 3555 164 3629 bat¹;
207 3555 275 3636 ipse
298 3559 395 3617 autern
421 3571 526 3618 amore
547 3556 658 3619 ardens
680 3553 891 3630 confirmabat,
913 3550 997 3633 quod

68 3636 254 3701 desiderium
275 3639 318 3702 toi
336 3636 455 3703 discidii
470 3637 553 3704 ferre
573 3653 635 3703 nun
659 3645 774 3722 posset,
797 3654 834 3702 se
855 3637 887 3700 in
908 3634 995 3700 exsi-

104 3820 115 3852 ¹
137 3793 183 3874 mn.
199 3819 330 3902 dicebat
