2490 4316
244 178 298 238 bib
460 233 465 246 ,
577 163 877 236 'obstiti'

245 348 375 418 dieras?
394 362 496 432 neque
518 347 599 414 enim
621 357 653 414 to
674 351 715 416 de
733 351 808 415 celo
828 363 970 415 servasse
991 347 1095 414 dixisti
1117 369 1176 416 nec

246 435 341 499 hodie
365 433 450 497 dicis.
497 432 530 496 ld
550 433 644 517 igitur
663 435 785 498 obvenit
806 436 929 513 vitium,
959 435 1043 515 quod
1062 441 1096 497 tu
1116 437 1176 498 iam

247 517 390 583 Kalendis
414 517 560 581 ianuariis
582 517 714 581 futurum
741 537 811 581 esse
839 519 1018 602 provideras
1040 525 1071 580 et
1094 525 1176 581 tanto

248 608 319 666 ante
346 600 541 683 predixeras.
590 601 673 685 Ergo
702 602 826 664 hercule
856 620 983 688 magna,
1015 608 1048 664 ut
1074 617 1176 683 spero,

248 693 300 750 tua
326 685 428 767 potius
458 701 546 766 quam
574 685 621 747 rei
653 685 782 766 publice
815 685 984 748 calamitate
1016 687 1177 748 ementitus

147 804 151 822 ι
249 787 284 832 es
311 767 463 849 auspicia3
500 767 689 830 obstrinxisti
718 769 869 852 religione
896 767 1043 850 populum
1064 768 1183 830 Roma--

249 869 337 926 num3
361 868 459 934 augur
477 850 595 932 auguri,
617 852 724 914 consul
742 853 859 914 consuli
877 852 1071 914 obnuntiasti.
1100 851 1178 913 blolo

250 936 409 1019 plerane
430 938 495 996 acta
515 933 680 997 Dolabella
701 934 806 997 videar
822 933 1007 1010 convellere,
1031 952 1104 1015 quae
1121 953 1183 998 ne-.
1236 1007 1237 1012 γ

251 1033 339 1080 cesse
357 1023 403 1079 est
424 1016 585 1098 aliquando
604 1016 642 1080 ad
657 1025 793 1092 nostrum
813 1018 977 1100 collegium
993 1018 1179 1080 deferantur.
1236 1015 1237 1088 i

197 1099 313 1170 ‘etSed
334 1101 536 1184 arrogantiam
556 1099 686 1163 hominis
709 1100 960 1181 insolentiamque
991 1102 1181 1183 cognoscite.

252 1185 402 1260 Quamdiu
422 1190 455 1246 tn
474 1183 571 1258 voles,
591 1184 719 1247 vitiosus
734 1185 840 1248 consul
859 1183 1017 1246 Dolabella
1028 1206 1038 1261 ;
1062 1201 1179 1260 rursus,

253 1259 344 1352 quiun
368 1265 473 1344 voles,
505 1267 598 1330 salvis
627 1268 771 1348 auspiciis
795 1274 923 1330 creatus.
966 1265 999 1330 Si
1024 1267 1101 1329 nihil
1122 1273 1180 1344 est,

222 1349 227 1364 ⁸
252 1369 344 1434 quum
366 1366 463 1432 augur
485 1349 524 1413 iis
545 1350 647 1413 verbis
671 1351 804 1429 nuntiat,
836 1351 944 1432 quibus
970 1355 1003 1412 tu
1027 1352 1181 1426 nuntiasti,

253 1434 397 1498 confitero
424 1439 475 1512 te,
507 1452 597 1515 quum
613 1432 684 1496 ‘alio
713 1433 762 1495 die
791 1434 906 1496 dixeris
916 1469 930 1510 ,·
959 1433 1096 1496 sobrium
1119 1451 1181 1495 non

253 1517 367 1594 fuisse3
410 1517 459 1580 sin
488 1523 534 1580 est
563 1517 663 1599 aliqua
691 1516 790 1580 visin
813 1517 879 1580 istis
903 1517 1024 1595 verbis,
1056 1535 1094 1579 ea
1115 1533 1182 1598 que

255 1602 312 1682 sit,
345 1617 442 1684 augur
466 1619 483 1665 a
504 1600 624 1683 collega
642 1601 776 1682 requiro.
811 1651 814 1658 .
966 1659 968 1667 i

346 1681 425 1762 Sed,
460 1702 500 1746 ne
525 1683 604 1745 forte
635 1702 682 1746 ex*
697 1683 797 1746 multis
819 1683 910 1745 rebus
933 1682 1029 1766 gestis
1052 1681 1092 1744 bl.
1113 1681 1181 1744 An-

256 1766 333 1830 tonii
355 1785 420 1829 rem
443 1783 533 1829 unam
561 1767 791 1848 pulcherrimam
820 1767 967 1829 transiliat
994 1768 1112 1844 oratio,
1145 1765 1181 1828 nd
1236 1779 1237 1846 j

256 1851 439 1933 Lupercalia·
460 1851 624 1915 veniamus.
670 1851 739 1914 llon
762 1850 945 1929 dissimulat,
977 1856 1082 1931 patres
1106 1867 1179 1914 eou-
1236 1857 1237 1900 t

258 1934 362 2016 scripti
370 1954 380 2010 ;
427 1940 555 2016 apparet
588 1951 659 1997 esso
692 1939 890 2008 commotum3
938 1934 1042 2010 sudat,
1081 1932 1181 2015 pallet.
1236 2001 1237 2008 χ

257 2017 430 2095 Quidlibet,
458 2017 548 2079 modo
570 2024 774 2095 nemausam,
803 2016 913 2096 faciat,
943 2017 1025 2098 quod
1050 2017 1082 2079 in
1108 2033 1181 2098 por·
1236 2011 1237 2020 ’

258 2101 321 2163 ticu
354 2097 481 2162 blinucia
516 2099 597 2162 fecit.
652 2101 726 2174 Quae
756 2105 857 2182 potest
887 2119 957 2163 esse
989 2100 1181 2181 turpitudinis
1236 2171 1237 2174 Ἴ

257 2189 346 2245 tantae
367 2180 529 2245 defensio?
574 2181 672 2264 Cupio
695 2183 809 2261 audire,
830 2189 862 2246 ut
883 2183 1011 2258 videam,
1033 2183 1087 2246 ubi
1111 2184 1182 2244 rhe-

115 2267 165 2346 ἶ,
259 2265 335 2330 toris
356 2271 436 2329 tanta
453 2283 594 2345 merceS,
624 2267 676 2330 ubi
698 2285 820 2349 campus
842 2266 1008 2329 Leontinus
1029 2272 1181 2348 appareat·
1236 2329 1237 2332 ,

155 2395 158 2404 f
214 2348 390 2415 resedebat
412 2343 446 2412 'in
473 2352 579 2413 rostris
602 2351 721 2434 collega
741 2357 828 2428 tuus,
867 2352 991 2414 amictus
1011 2355 1085 2432 toga
1109 2368 1182 2432 pur-
1236 2351 1237 2434 l

259 2452 364 2518 putea,
394 2433 423 2496 in
445 2434 521 2496 sella
543 2452 645 2510 aurea,
674 2440 844 2498 coronatus.
886 2433 1041 2508 Escendis,
1066 2433 1182 2496 accedis
1236 2439 1237 2506 1

261 2518 299 2580 ad
321 2517 444 2594 sellam,
470 2517 523 2596 (ita
545 2535 613 2580 cras
637 2518 811 2598 Lupercus,
833 2523 866 2578 ut
886 2523 914 2578 tc
937 2517 1094 2579 consulem
1119 2531 1182 2578 esse
1236 2521 1237 2602 t

260 2601 434 2666 meminisse
456 2600 606 2681 deberes)
628 2601 764 2664 diadema
784 2601 927 2663 ostendis.
968 2601 1104 2688 Gemitus
1125 2605 1183 2662 toto
1236 2611 1237 2656 t

262 2683 342 2746 l'oro.
388 2683 472 2745 Unde
495 2685 655 2748 diadema?
697 2703 758 2746 non
781 2686 861 2746 enim
881 2683 1025 2746 abiectum
1051 2685 1183 2746 sustule-

262 2785 324 2845 ras,
346 2767 400 2830 scd
423 2768 564 2830 attuleras
588 2769 677 2830 domo
696 2767 865 2830 meditatum
889 2775 917 2829 et
933 2769 1097 2848 cogitatum
1115 2785 1182 2829 sce-

263 2851 319 2913 lus.
364 2850 408 2912 l'u
437 2850 572 2914 diadema
602 2851 780 2933 imponebas
803 2869 871 2913 cum
899 2851 1049 2932 plangore
1071 2850 1183 2932 populi,

262 2934 315 3003 ille
341 2951 408 2996 oum
432 2935 540 3016 plausu
561 2935 726 2997 reiioiebat.
772 2934 816 2996 Tu
847 2952 922 3017 ergo
952 2950 1050 3010 unua,
1084 2934 1182 2996 scele-

262 3022 346 3093 rate,
378 3018 516 3080 inventus
542 3037 592 3093 es,
626 3019 695 3100 qui,
728 3034 817 3098 quum
847 3023 951 3082 auctor
980 3019 1069 3099 regni
1090 3035 1183 3092 esses,

192 3127 196 3135 =
262 3111 342 3177 euin,
363 3118 450 3180 quem
476 3102 623 3184 collegam
645 3101 787 3177 habebas,
814 3101 965 3163 dominum
990 3099 1105 3162 habore
1120 3100 1181 3162 val-

263 3185 310 3246 les
333 3189 362 3245 et
387 3183 464 3245 idom
486 3191 635 3265 tentares,
668 3185 741 3266 qnid
768 3186 897 3266 populus
925 3183 1077 3246 Romanus
1106 3183 1183 3243 ieme

217 3272 293 3328 adet
322 3268 383 3348 pati
407 3268 521 3349 posset.
575 3268 615 3330 At
643 3269 734 3332 etiam
762 3267 999 3330 misericordiam
1029 3267 1181 3346 capiebam

263 3349 393 3432 supplex
414 3357 443 3412 lc
468 3353 504 3414 ad
527 3351 621 3432 pedes
651 3351 831 3427 abiiciebas'3
875 3351 948 3432 quid
977 3350 1115 3432 petens?
1156 3355 1182 3408 ut

264 3435 422 3495 servires?
446 3434 511 3498 Tibi
536 3436 584 3496 tini
607 3442 737 3518 pctoreS,
761 3436 810 3516 qui
834 3432 872 3496 ita
895 3455 912 3495 a
937 3453 1033 3516 puero
1055 3434 1181 3504 vixeras,

264 3524 297 3578 ut
319 3519 417 3578 canitia
441 3525 598 3598 paterere,
621 3527 652 3580 nt
675 3519 763 3582 laeilo
784 3519 936 3593 servires3
979 3537 995 3578 a
1019 3519 1106 3578 nohis
1129 3533 1179 3595 po-

262 3601 396 3682 puloque
426 3601 560 3663 Romano
590 3603 758 3666 attendatum
790 3603 819 3664 id
846 3609 930 3663 certe
956 3617 1017 3662 non
1045 3600 1178 3662 habebas.

263 3681 288 3741 0
314 3684 484 3764 praeclaram
510 3685 590 3746 illam
613 3686 814 3766 eloquentiam
838 3692 928 3764 luant,
961 3703 1052 3764 quum
1076 3702 1109 3744 es
1129 3698 1178 3742 nu-

263 3764 318 3826 dus
342 3767 548 3828 contionatus!
583 3769 662 3842 Quid
685 3769 743 3839 hoc
765 3769 906 3850 turpius?
950 3768 1021 3850 quid
1043 3762 1178 3830 foedius?
1236 3769 1237 3778 ’
