<?xml version="1.0" encoding="UTF-8"?>
<!DOCTYPE html PUBLIC "-//W3C//DTD XHTML 1.0 Transitional//EN"
    "http://www.w3.org/TR/xhtml1/DTD/xhtml1-transitional.dtd">
<html xmlns="http://www.w3.org/1999/xhtml" xml:lang="en" lang="en">
 <head>
  <title>
</title>
<meta http-equiv="Content-Type" content="text/html;charset=utf-8" />
  <meta name='ocr-system' content='tesseract 3.04.00' />
  <meta name='ocr-capabilities' content='ocr_page ocr_carea ocr_par ocr_line ocrx_word'/>
</head>
<body>
  <div class='ocr_page' id='page_1' title='image "./orationesselect00madvgoog/orationesselect00madvgoog_0196.png"; bbox 0 0 2468 4318; ppageno 0'>
   <div class='ocr_carea' id='block_1_1' title="bbox 209 229 942 289">
    <p class='ocr_par' dir='ltr' id='par_1_1' title="bbox 209 229 942 289">
     <span class='ocr_line' id='line_1_1' title="bbox 209 229 942 289; baseline -0.007 0"><span class='ocrx_word' id='word_1_1' title='bbox 209 233 300 289; x_wconf 78' lang='lat' dir='ltr'><strong>PRO</strong></span> <span class='ocrx_word' id='word_1_2' title='bbox 331 231 363 286; x_wconf 86' lang='lat' dir='ltr'><strong>T.</strong></span> <span class='ocrx_word' id='word_1_3' title='bbox 389 231 535 289; x_wconf 78' lang='lat' dir='ltr'>ANNIO</span> <span class='ocrx_word' id='word_1_4' title='bbox 562 229 752 287; x_wconf 76' lang='lat' dir='ltr'><strong>mutotvtt.</strong></span> <span class='ocrx_word' id='word_1_5' title='bbox 892 235 942 285; x_wconf 77' lang='grc'><strong>143</strong></span> 
     </span>
    </p>
   </div>
   <div class='ocr_carea' id='block_1_2' title="bbox 29 403 941 988">
    <p class='ocr_par' dir='ltr' id='par_1_2' title="bbox 29 403 941 988">
     <span class='ocr_line' id='line_1_2' title="bbox 32 403 941 487; baseline -0.002 -19"><span class='ocrx_word' id='word_1_6' title='bbox 32 408 102 470; x_wconf 90' lang='lat' dir='ltr'><strong>enim</strong></span> <span class='ocrx_word' id='word_1_7' title='bbox 122 405 228 487; x_wconf 84' lang='lat' dir='ltr'><strong>leges,</strong></span> <span class='ocrx_word' id='word_1_8' title='bbox 261 410 347 468; x_wconf 90' lang='lat' dir='ltr'><strong>erant</strong></span> <span class='ocrx_word' id='word_1_9' title='bbox 369 404 571 486; x_wconf 79' lang='lat' dir='ltr'><strong>questiones,</strong></span> <span class='ocrx_word' id='word_1_10' title='bbox 603 404 651 465; x_wconf 90' lang='lat' dir='ltr'><strong>vel</strong></span> <span class='ocrx_word' id='word_1_11' title='bbox 673 403 712 467; x_wconf 91' lang='lat' dir='ltr'><strong>de</strong></span> <span class='ocrx_word' id='word_1_12' title='bbox 733 403 815 466; x_wconf 83' lang='lat' dir='ltr'><strong>cede</strong></span> <span class='ocrx_word' id='word_1_13' title='bbox 836 406 883 467; x_wconf 89' lang='lat' dir='ltr'><strong>vel</strong></span> <span class='ocrx_word' id='word_1_14' title='bbox 903 403 941 476; x_wconf 84' lang='lat' dir='ltr'><strong>de</strong></span> 
     </span>
     <span class='ocr_line' id='line_1_3' title="bbox 33 488 941 571; baseline 0 -21"><span class='ocrx_word' id='word_1_15' title='bbox 33 491 56 550; x_wconf 96' lang='lat' dir='ltr'><strong>vi</strong></span> <span class='ocrx_word' id='word_1_16' title='bbox 64 510 72 566; x_wconf 91' lang='lat'>;</span> <span class='ocrx_word' id='word_1_17' title='bbox 110 505 167 551; x_wconf 87' lang='lat' dir='ltr'><strong>neo</strong></span> <span class='ocrx_word' id='word_1_18' title='bbox 190 493 304 550; x_wconf 89' lang='lat' dir='ltr'><strong>tantum</strong></span> <span class='ocrx_word' id='word_1_19' title='bbox 328 506 496 550; x_wconf 88' lang='lat' dir='ltr'><strong>maerorem</strong></span> <span class='ocrx_word' id='word_1_20' title='bbox 521 507 557 550; x_wconf 91' lang='lat' dir='ltr'><strong>ac</strong></span> <span class='ocrx_word' id='word_1_21' title='bbox 578 488 687 550; x_wconf 91' lang='lat' dir='ltr'><strong>luctum</strong></span> <span class='ocrx_word' id='word_1_22' title='bbox 714 489 941 571; x_wconf 30' lang='lat' dir='ltr'><strong>senatui&#39;mors</strong></span> 
     </span>
     <span class='ocr_line' id='line_1_4' title="bbox 30 569 940 654; baseline -0.002 -20"><span class='ocrx_word' id='word_1_23' title='bbox 30 573 59 635; x_wconf 92' lang='lat' dir='ltr'><strong>P.</strong></span> <span class='ocrx_word' id='word_1_24' title='bbox 76 571 173 635; x_wconf 84' lang='lat' dir='ltr'><strong>¹Clodii</strong></span> <span class='ocrx_word' id='word_1_25' title='bbox 196 569 360 650; x_wconf 84' lang='lat' dir='ltr'><strong>afferebat,</strong></span> <span class='ocrx_word' id='word_1_26' title='bbox 391 577 423 634; x_wconf 90' lang='lat' dir='ltr'><strong>ut</strong></span> <span class='ocrx_word' id='word_1_27' title='bbox 445 589 524 634; x_wconf 86' lang='lat' dir='ltr'><strong>nova</strong></span> <span class='ocrx_word' id='word_1_28' title='bbox 551 573 677 654; x_wconf 80' lang='lat' dir='ltr'><strong>quaestio</strong></span> <span class='ocrx_word' id='word_1_29' title='bbox 699 573 940 633; x_wconf 70' lang='lat' dir='ltr'><strong>constitueretur.</strong></span> 
     </span>
     <span class='ocr_line' id='line_1_5' title="bbox 31 655 940 736; baseline -0.003 -19"><span class='ocrx_word' id='word_1_30' title='bbox 31 656 113 718; x_wconf 84' lang='lat' dir='ltr'><strong>Cuius</strong></span> <span class='ocrx_word' id='word_1_31' title='bbox 133 655 212 718; x_wconf 89' lang='lat' dir='ltr'><strong>enim</strong></span> <span class='ocrx_word' id='word_1_32' title='bbox 237 655 277 718; x_wconf 94' lang='lat' dir='ltr'><strong>de</strong></span> <span class='ocrx_word' id='word_1_33' title='bbox 296 656 353 718; x_wconf 94' lang='lat' dir='ltr'><strong>illo</strong></span> <span class='ocrx_word' id='word_1_34' title='bbox 377 657 492 717; x_wconf 87' lang='lat' dir='ltr'><strong>incesto</strong></span> <span class='ocrx_word' id='word_1_35' title='bbox 522 661 628 736; x_wconf 93' lang='lat' dir='ltr'><strong>stupro</strong></span> <span class='ocrx_word' id='word_1_36' title='bbox 656 655 798 717; x_wconf 90' lang='lat' dir='ltr'><strong>iudicium</strong></span> <span class='ocrx_word' id='word_1_37' title='bbox 829 655 940 716; x_wconf 86' lang='lat' dir='ltr'><strong>decer-</strong></span> 
     </span>
     <span class='ocr_line' id='line_1_6' title="bbox 29 738 940 820; baseline -0.003 -19"><span class='ocrx_word' id='word_1_38' title='bbox 29 739 110 801; x_wconf 90' lang='lat' dir='ltr'><strong>nendi</strong></span> <span class='ocrx_word' id='word_1_39' title='bbox 131 739 250 802; x_wconf 89' lang='lat' dir='ltr'><strong>senatui</strong></span> <span class='ocrx_word' id='word_1_40' title='bbox 274 745 407 820; x_wconf 89' lang='lat' dir='ltr'><strong>potestas</strong></span> <span class='ocrx_word' id='word_1_41' title='bbox 429 745 511 800; x_wconf 88' lang='lat' dir='ltr'><strong>esset</strong></span> <span class='ocrx_word' id='word_1_42' title='bbox 533 745 647 819; x_wconf 88' lang='lat' dir='ltr'><strong>erepta,</strong></span> <span class='ocrx_word' id='word_1_43' title='bbox 671 738 708 800; x_wconf 89' lang='lat' dir='ltr'><strong>de</strong></span> <span class='ocrx_word' id='word_1_44' title='bbox 726 739 791 800; x_wconf 91' lang='lat' dir='ltr'><strong>eius</strong></span> <span class='ocrx_word' id='word_1_45' title='bbox 808 739 940 816; x_wconf 89' lang='lat' dir='ltr'><strong>interitu,</strong></span> 
     </span>
     <span class='ocr_line' id='line_1_7' title="bbox 30 820 940 903; baseline -0.001 -20"><span class='ocrx_word' id='word_1_46' title='bbox 30 824 88 903; x_wconf 88' lang='lat' dir='ltr'><strong>quis</strong></span> <span class='ocrx_word' id='word_1_47' title='bbox 107 828 207 903; x_wconf 90' lang='lat' dir='ltr'><strong>potest</strong></span> <span class='ocrx_word' id='word_1_48' title='bbox 230 820 382 899; x_wconf 71' lang='lat' dir='ltr'><strong>credere,</strong></span> <span class='ocrx_word' id='word_1_49' title='bbox 410 828 544 884; x_wconf 90' lang='lat' dir='ltr'><strong>senatum</strong></span> <span class='ocrx_word' id='word_1_50' title='bbox 567 821 708 885; x_wconf 89' lang='lat' dir='ltr'><strong>iudicium</strong></span> <span class='ocrx_word' id='word_1_51' title='bbox 729 838 839 884; x_wconf 92' lang='lat' dir='ltr'><strong>novum</strong></span> <span class='ocrx_word' id='word_1_52' title='bbox 862 838 940 882; x_wconf 86' lang='lat' dir='ltr'><strong>con-</strong></span> 
     </span>
     <span class='ocr_line' id='line_1_8' title="bbox 30 903 940 988; baseline -0.001 -22"><span class='ocrx_word' id='word_1_53' title='bbox 30 904 197 967; x_wconf 89' lang='lat' dir='ltr'><strong>stituendum</strong></span> <span class='ocrx_word' id='word_1_54' title='bbox 228 905 377 987; x_wconf 83' lang='lat' dir='ltr'><strong>putasse?</strong></span> <span class='ocrx_word' id='word_1_55' title='bbox 424 903 486 967; x_wconf 88' lang='lat' dir='ltr'><strong>Cur</strong></span> <span class='ocrx_word' id='word_1_56' title='bbox 517 905 610 988; x_wconf 84' lang='lat' dir='ltr'><strong>igitur</strong></span> <span class='ocrx_word' id='word_1_57' title='bbox 639 905 820 982; x_wconf 52' lang='lat' dir='ltr'><strong>incendium,</strong></span> <span class='ocrx_word' id='word_1_58' title='bbox 839 905 940 982; x_wconf 87' lang='lat' dir='ltr'><strong>curiae,</strong></span> 
     </span>
    </p>
   </div>
   <div class='ocr_carea' id='block_1_3' title="bbox 30 987 1058 1071">
    <p class='ocr_par' dir='ltr' id='par_1_3' title="bbox 30 987 1058 1071">
     <span class='ocr_line' id='line_1_9' title="bbox 30 987 1058 1071; baseline -0.001 -22"><span class='ocrx_word' id='word_1_59' title='bbox 30 989 276 1071; x_wconf 83' lang='lat' dir='ltr'><strong>oppugnationem</strong></span> <span class='ocrx_word' id='word_1_60' title='bbox 296 988 404 1051; x_wconf 83' lang='lat' dir='ltr'><strong>aedium</strong></span> <span class='ocrx_word' id='word_1_61' title='bbox 427 987 465 1050; x_wconf 88' lang='lat' dir='ltr'><strong>tt.</strong></span> <span class='ocrx_word' id='word_1_62' title='bbox 480 987 596 1070; x_wconf 86' lang='lat' dir='ltr'>Lepidi,</span> <span class='ocrx_word' id='word_1_63' title='bbox 621 988 732 1051; x_wconf 86' lang='lat' dir='ltr'><strong>caedem</strong></span> <span class='ocrx_word' id='word_1_64' title='bbox 754 988 831 1050; x_wconf 87' lang='lat' dir='ltr'><strong>hano</strong></span> <span class='ocrx_word' id='word_1_65' title='bbox 845 990 940 1070; x_wconf 92' lang='lat' dir='ltr'><strong>ipsam</strong></span> <span class='ocrx_word' id='word_1_66' title='bbox 1053 1013 1058 1021; x_wconf 88' lang='lat'><strong>·</strong></span> 
     </span>
    </p>
   </div>
   <div class='ocr_carea' id='block_1_4' title="bbox 30 1069 988 1651">
    <p class='ocr_par' dir='ltr' id='par_1_4' title="bbox 30 1069 988 1651">
     <span class='ocr_line' id='line_1_10' title="bbox 30 1069 983 1154; baseline 0 -22"><span class='ocrx_word' id='word_1_67' title='bbox 30 1077 121 1133; x_wconf 87' lang='lat' dir='ltr'><strong>contra</strong></span> <span class='ocrx_word' id='word_1_68' title='bbox 150 1089 217 1133; x_wconf 89' lang='lat' dir='ltr'><strong>rem</strong></span> <span class='ocrx_word' id='word_1_69' title='bbox 240 1072 391 1154; x_wconf 90' lang='lat' dir='ltr'><strong>publicam</strong></span> <span class='ocrx_word' id='word_1_70' title='bbox 414 1077 535 1133; x_wconf 88' lang='lat' dir='ltr'><strong>senatus</strong></span> <span class='ocrx_word' id='word_1_71' title='bbox 560 1071 667 1134; x_wconf 89' lang='lat' dir='ltr'><strong>iactam</strong></span> <span class='ocrx_word' id='word_1_72' title='bbox 691 1089 760 1134; x_wconf 92' lang='lat' dir='ltr'><strong>esse</strong></span> <span class='ocrx_word' id='word_1_73' title='bbox 773 1069 940 1133; x_wconf 85' lang='lat' dir='ltr'><strong>decrevit?</strong></span> <span class='ocrx_word' id='word_1_74' title='bbox 981 1109 983 1118; x_wconf 67' lang='lat'><strong>.</strong></span> 
     </span>
     <span class='ocr_line' id='line_1_11' title="bbox 31 1153 942 1237; baseline -0.001 -22"><span class='ocrx_word' id='word_1_75' title='bbox 31 1153 96 1226; x_wconf 80' lang='lat' dir='ltr'><strong>Quia</strong></span> <span class='ocrx_word' id='word_1_76' title='bbox 117 1155 200 1216; x_wconf 89' lang='lat' dir='ltr'><strong>nulla</strong></span> <span class='ocrx_word' id='word_1_77' title='bbox 221 1155 270 1217; x_wconf 90' lang='lat' dir='ltr'><strong>vis</strong></span> <span class='ocrx_word' id='word_1_78' title='bbox 288 1173 428 1237; x_wconf 90' lang='lat' dir='ltr'><strong>umquam</strong></span> <span class='ocrx_word' id='word_1_79' title='bbox 450 1160 495 1216; x_wconf 88' lang='lat' dir='ltr'><strong>est</strong></span> <span class='ocrx_word' id='word_1_80' title='bbox 518 1155 550 1216; x_wconf 95' lang='lat' dir='ltr'><strong>in</strong></span> <span class='ocrx_word' id='word_1_81' title='bbox 575 1155 669 1217; x_wconf 85' lang='lat' dir='ltr'><strong>libera</strong></span> <span class='ocrx_word' id='word_1_82' title='bbox 691 1155 811 1217; x_wconf 88' lang='lat' dir='ltr'><strong>civitate</strong></span> <span class='ocrx_word' id='word_1_83' title='bbox 833 1173 942 1218; x_wconf 91' lang='lat' dir='ltr'><strong>susce-</strong></span> 
     </span>
     <span class='ocr_line' id='line_1_12' title="bbox 30 1237 988 1318; baseline -0.002 -20"><span class='ocrx_word' id='word_1_84' title='bbox 30 1244 72 1316; x_wconf 92' lang='lat' dir='ltr'><strong>pta</strong></span> <span class='ocrx_word' id='word_1_85' title='bbox 90 1238 167 1300; x_wconf 85' lang='lat' dir='ltr'><strong>inter</strong></span> <span class='ocrx_word' id='word_1_86' title='bbox 188 1239 275 1300; x_wconf 89' lang='lat' dir='ltr'><strong>cives</strong></span> <span class='ocrx_word' id='word_1_87' title='bbox 294 1255 355 1300; x_wconf 94' lang='lat' dir='ltr'><strong>non</strong></span> <span class='ocrx_word' id='word_1_88' title='bbox 375 1244 479 1300; x_wconf 91' lang='lat' dir='ltr'><strong>contra</strong></span> <span class='ocrx_word' id='word_1_89' title='bbox 498 1238 735 1318; x_wconf 90' lang='lat' dir='ltr'><strong>rempublicam.</strong></span> <span class='ocrx_word' id='word_1_90' title='bbox 777 1237 844 1301; x_wconf 89' lang='lat' dir='ltr'><strong>Non</strong></span> <span class='ocrx_word' id='word_1_91' title='bbox 862 1239 941 1300; x_wconf 91' lang='lat' dir='ltr'><strong>enim</strong></span> <span class='ocrx_word' id='word_1_92' title='bbox 954 1245 988 1296; x_wconf 82' lang='grc'><strong>14</strong></span> 
     </span>
     <span class='ocr_line' id='line_1_13' title="bbox 31 1321 943 1402; baseline 0.004 -22"><span class='ocrx_word' id='word_1_93' title='bbox 31 1327 70 1382; x_wconf 88' lang='lat' dir='ltr'><strong>est</strong></span> <span class='ocrx_word' id='word_1_94' title='bbox 89 1321 137 1382; x_wconf 93' lang='lat' dir='ltr'><strong>illa</strong></span> <span class='ocrx_word' id='word_1_95' title='bbox 159 1321 301 1384; x_wconf 82' lang='lat' dir='ltr'><strong>defensio</strong></span> <span class='ocrx_word' id='word_1_96' title='bbox 324 1327 429 1383; x_wconf 87' lang='lat' dir='ltr'><strong>contra</strong></span> <span class='ocrx_word' id='word_1_97' title='bbox 454 1323 514 1382; x_wconf 95' lang='lat' dir='ltr'><strong>vim</strong></span> <span class='ocrx_word' id='word_1_98' title='bbox 538 1339 677 1402; x_wconf 85' lang='lat' dir='ltr'><strong>umquam</strong></span> <span class='ocrx_word' id='word_1_99' title='bbox 707 1322 854 1402; x_wconf 90' lang='lat' dir='ltr'><strong>optanda,</strong></span> <span class='ocrx_word' id='word_1_100' title='bbox 887 1321 943 1384; x_wconf 91' lang='lat' dir='ltr'><strong>sed</strong></span> 
     </span>
     <span class='ocr_line' id='line_1_14' title="bbox 30 1403 942 1486; baseline 0.004 -22"><span class='ocrx_word' id='word_1_101' title='bbox 30 1420 241 1486; x_wconf 86' lang='lat' dir='ltr'><strong>nonnumquam</strong></span> <span class='ocrx_word' id='word_1_102' title='bbox 264 1411 310 1467; x_wconf 91' lang='lat' dir='ltr'><strong>est</strong></span> <span class='ocrx_word' id='word_1_103' title='bbox 329 1405 511 1466; x_wconf 88' lang='lat' dir='ltr'><strong>necessaria.</strong></span> <span class='ocrx_word' id='word_1_104' title='bbox 552 1403 617 1465; x_wconf 88' lang='lat' dir='ltr'><strong>Nisi</strong></span> <span class='ocrx_word' id='word_1_105' title='bbox 637 1421 710 1467; x_wconf 89' lang='lat' dir='ltr'><strong>vero</strong></span> <span class='ocrx_word' id='word_1_106' title='bbox 729 1412 780 1467; x_wconf 93' lang='lat' dir='ltr'><strong>aut</strong></span> <span class='ocrx_word' id='word_1_107' title='bbox 798 1407 849 1468; x_wconf 91' lang='lat' dir='ltr'><strong>ille</strong></span> <span class='ocrx_word' id='word_1_108' title='bbox 866 1405 942 1483; x_wconf 84' lang='lat' dir='ltr'><strong>dves,</strong></span> 
     </span>
     <span class='ocr_line' id='line_1_15' title="bbox 31 1487 942 1570; baseline 0.003 -23"><span class='ocrx_word' id='word_1_109' title='bbox 31 1503 82 1566; x_wconf 79' lang='lat' dir='ltr'><strong>(pro</strong></span> <span class='ocrx_word' id='word_1_110' title='bbox 101 1487 144 1548; x_wconf 84' lang='lat' dir='ltr'><strong>Ti.</strong></span> <span class='ocrx_word' id='word_1_111' title='bbox 170 1488 326 1550; x_wconf 79' lang='lat' dir='ltr'><strong>Gracchus</strong></span> <span class='ocrx_word' id='word_1_112' title='bbox 351 1491 397 1549; x_wconf 89' lang='lat' dir='ltr'><strong>est</strong></span> <span class='ocrx_word' id='word_1_113' title='bbox 426 1503 542 1570; x_wconf 84' lang='lat' dir='ltr'><strong>cesus,</strong></span> <span class='ocrx_word' id='word_1_114' title='bbox 578 1494 629 1549; x_wconf 91' lang='lat' dir='ltr'><strong>aut</strong></span> <span class='ocrx_word' id='word_1_115' title='bbox 657 1487 728 1565; x_wconf 91' lang='lat' dir='ltr'><strong>ille,</strong></span> <span class='ocrx_word' id='word_1_116' title='bbox 758 1506 818 1569; x_wconf 92' lang='lat' dir='ltr'><strong>quo</strong></span> <span class='ocrx_word' id='word_1_117' title='bbox 841 1487 942 1564; x_wconf 90' lang='lat' dir='ltr'><strong>Caius,</strong></span> 
     </span>
     <span class='ocr_line' id='line_1_16' title="bbox 32 1569 942 1651; baseline 0.005 -23"><span class='ocrx_word' id='word_1_118' title='bbox 32 1574 73 1629; x_wconf 90' lang='lat' dir='ltr'><strong>aut</strong></span> <span class='ocrx_word' id='word_1_119' title='bbox 84 1587 162 1632; x_wconf 89' lang='lat' dir='ltr'><strong>arma</strong></span> <span class='ocrx_word' id='word_1_120' title='bbox 176 1569 331 1635; x_wconf 86' lang='lat' dir='ltr'><strong>Saturnini</strong></span> <span class='ocrx_word' id='word_1_121' title='bbox 347 1587 418 1647; x_wconf 92' lang='lat' dir='ltr'><strong>non,</strong></span> <span class='ocrx_word' id='word_1_122' title='bbox 440 1570 556 1631; x_wconf 89' lang='lat' dir='ltr'><strong>etiamsi</strong></span> <span class='ocrx_word' id='word_1_123' title='bbox 576 1588 643 1632; x_wconf 90' lang='lat' dir='ltr'><strong>ere</strong></span> <span class='ocrx_word' id='word_1_124' title='bbox 658 1570 778 1650; x_wconf 91' lang='lat' dir='ltr'><strong>publica</strong></span> <span class='ocrx_word' id='word_1_125' title='bbox 794 1587 942 1651; x_wconf 90' lang='lat' dir='ltr'><strong>oppressa</strong></span> 
     </span>
    </p>
   </div>
   <div class='ocr_carea' id='block_1_5' title="bbox 31 1652 1035 1737">
    <p class='ocr_par' dir='ltr' id='par_1_5' title="bbox 31 1652 1035 1737">
     <span class='ocr_line' id='line_1_17' title="bbox 31 1652 1035 1737; baseline 0.006 -27"><span class='ocrx_word' id='word_1_126' title='bbox 31 1659 98 1731; x_wconf 91' lang='lat' dir='ltr'><strong>sunt,</strong></span> <span class='ocrx_word' id='word_1_127' title='bbox 117 1672 180 1716; x_wconf 90' lang='lat' dir='ltr'><strong>rem</strong></span> <span class='ocrx_word' id='word_1_128' title='bbox 202 1654 355 1736; x_wconf 88' lang='lat' dir='ltr'><strong>publicam</strong></span> <span class='ocrx_word' id='word_1_129' title='bbox 378 1656 477 1715; x_wconf 85' lang='lat' dir='ltr'><strong>tamen</strong></span> <span class='ocrx_word' id='word_1_130' title='bbox 495 1653 691 1716; x_wconf 88' lang='lat' dir='ltr'><strong>vulnerarunt</strong></span> <span class='ocrx_word' id='word_1_131' title='bbox 702 1652 720 1714; x_wconf 87' lang='lat'><strong>¹.</strong></span> <span class='ocrx_word' id='word_1_132' title='bbox 762 1652 865 1734; x_wconf 88' lang='lat' dir='ltr'><strong>ltaque</strong></span> <span class='ocrx_word' id='word_1_133' title='bbox 882 1671 942 1737; x_wconf 87' lang='lat' dir='ltr'><strong>ego</strong></span> <span class='ocrx_word' id='word_1_134' title='bbox 1031 1695 1035 1702; x_wconf 93' lang='lat'><em>-</em></span> 
     </span>
    </p>
   </div>
   <div class='ocr_carea' id='block_1_6' title="bbox 31 1733 985 2483">
    <p class='ocr_par' dir='ltr' id='par_1_6' title="bbox 31 1733 985 2483">
     <span class='ocr_line' id='line_1_18' title="bbox 31 1733 942 1818; baseline 0.008 -25"><span class='ocrx_word' id='word_1_135' title='bbox 31 1733 87 1813; x_wconf 89' lang='lat' dir='ltr'><strong>ipse</strong></span> <span class='ocrx_word' id='word_1_136' title='bbox 115 1736 257 1816; x_wconf 84' lang='lat' dir='ltr'><strong>decrevi,</strong></span> <span class='ocrx_word' id='word_1_137' title='bbox 290 1754 381 1818; x_wconf 86' lang='lat' dir='ltr'><strong>quum</strong></span> <span class='ocrx_word' id='word_1_138' title='bbox 411 1735 523 1799; x_wconf 75' lang='lat' dir='ltr'><strong>cedem</strong></span> <span class='ocrx_word' id='word_1_139' title='bbox 553 1736 583 1798; x_wconf 94' lang='lat' dir='ltr'><strong>in</strong></span> <span class='ocrx_word' id='word_1_140' title='bbox 613 1733 712 1816; x_wconf 75' lang='lat' dir='ltr'><strong>Appia</strong></span> <span class='ocrx_word' id='word_1_141' title='bbox 739 1734 847 1798; x_wconf 85' lang='lat' dir='ltr'><strong>iactam</strong></span> <span class='ocrx_word' id='word_1_142' title='bbox 872 1755 942 1800; x_wconf 88' lang='lat' dir='ltr'><strong>esse</strong></span> 
     </span>
     <span class='ocr_line' id='line_1_19' title="bbox 33 1817 942 1901; baseline 0.006 -25"><span class='ocrx_word' id='word_1_143' title='bbox 33 1826 178 1897; x_wconf 88' lang='lat' dir='ltr'><strong>constaret,</strong></span> <span class='ocrx_word' id='word_1_144' title='bbox 207 1838 271 1882; x_wconf 92' lang='lat' dir='ltr'><strong>non</strong></span> <span class='ocrx_word' id='word_1_145' title='bbox 293 1838 371 1898; x_wconf 92' lang='lat' dir='ltr'><strong>eum,</strong></span> <span class='ocrx_word' id='word_1_146' title='bbox 401 1819 452 1901; x_wconf 90' lang='lat' dir='ltr'><strong>qui</strong></span> <span class='ocrx_word' id='word_1_147' title='bbox 478 1836 513 1882; x_wconf 89' lang='lat' dir='ltr'><strong>sc</strong></span> <span class='ocrx_word' id='word_1_148' title='bbox 536 1817 730 1897; x_wconf 83' lang='lat' dir='ltr'><strong>defendisset,</strong></span> <span class='ocrx_word' id='word_1_149' title='bbox 753 1824 861 1882; x_wconf 83' lang='lat' dir='ltr'><strong>contra·</strong></span> <span class='ocrx_word' id='word_1_150' title='bbox 876 1839 942 1884; x_wconf 88' lang='lat' dir='ltr'><strong>rem</strong></span> 
     </span>
     <span class='ocr_line' id='line_1_20' title="bbox 32 1901 941 1983; baseline 0.007 -23"><span class='ocrx_word' id='word_1_151' title='bbox 32 1901 167 1978; x_wconf 87' lang='lat' dir='ltr'><strong>publicam</strong></span> <span class='ocrx_word' id='word_1_152' title='bbox 191 1902 326 1978; x_wconf 73' lang='lat' dir='ltr'><strong>lecissea</strong></span> <span class='ocrx_word' id='word_1_153' title='bbox 369 1903 440 1980; x_wconf 89' lang='lat' dir='ltr'><strong>sed,</strong></span> <span class='ocrx_word' id='word_1_154' title='bbox 478 1920 568 1983; x_wconf 87' lang='lat' dir='ltr'><strong>quum</strong></span> <span class='ocrx_word' id='word_1_155' title='bbox 590 1903 749 1966; x_wconf 71' lang='lat' dir='ltr'><strong>inessent²</strong></span> <span class='ocrx_word' id='word_1_156' title='bbox 781 1905 813 1964; x_wconf 93' lang='lat' dir='ltr'><strong>in</strong></span> <span class='ocrx_word' id='word_1_157' title='bbox 836 1923 871 1966; x_wconf 88' lang='lat' dir='ltr'><strong>re</strong></span> <span class='ocrx_word' id='word_1_158' title='bbox 894 1905 941 1966; x_wconf 88' lang='lat' dir='ltr'><strong>vis</strong></span> 
     </span>
     <span class='ocr_line' id='line_1_21' title="bbox 33 1985 985 2065; baseline 0.008 -24"><span class='ocrx_word' id='word_1_159' title='bbox 33 1985 211 2064; x_wconf 75' lang='lat' dir='ltr'><strong>dimidie,</strong></span> <span class='ocrx_word' id='word_1_160' title='bbox 245 1987 360 2048; x_wconf 89' lang='lat' dir='ltr'><strong>crimen</strong></span> <span class='ocrx_word' id='word_1_161' title='bbox 388 1986 501 2048; x_wconf 94' lang='lat' dir='ltr'><strong>iudicio</strong></span> <span class='ocrx_word' id='word_1_162' title='bbox 529 1987 703 2065; x_wconf 81' lang='lat' dir='ltr'><strong>reservavi,</strong></span> <span class='ocrx_word' id='word_1_163' title='bbox 735 2004 799 2048; x_wconf 87' lang='lat' dir='ltr'><strong>rem</strong></span> <span class='ocrx_word' id='word_1_164' title='bbox 830 1988 941 2058; x_wconf 79' lang='lat' dir='ltr'><strong>notavi.</strong></span> <span class='ocrx_word' id='word_1_165' title='bbox 983 2057 985 2060; x_wconf 51' lang='grc'><strong>,</strong></span> 
     </span>
     <span class='ocr_line' id='line_1_22' title="bbox 33 2063 941 2152; baseline 0.007 -25"><span class='ocrx_word' id='word_1_166' title='bbox 33 2063 156 2136; x_wconf 83' lang='lat' dir='ltr'><strong>Quodsi</strong></span> <span class='ocrx_word' id='word_1_167' title='bbox 178 2087 236 2151; x_wconf 87' lang='lat' dir='ltr'><strong>per</strong></span> <span class='ocrx_word' id='word_1_168' title='bbox 258 2068 405 2133; x_wconf 82' lang='lat' dir='ltr'><strong>furiosum</strong></span> <span class='ocrx_word' id='word_1_169' title='bbox 428 2070 511 2131; x_wconf 93' lang='lat' dir='ltr'><strong>illum</strong></span> <span class='ocrx_word' id='word_1_170' title='bbox 533 2070 683 2150; x_wconf 76' lang='lat' dir='ltr'><strong>tribunum</strong></span> <span class='ocrx_word' id='word_1_171' title='bbox 707 2072 835 2147; x_wconf 83' lang='lat' dir='ltr'><strong>senatui,</strong></span> <span class='ocrx_word' id='word_1_172' title='bbox 860 2071 941 2152; x_wconf 89' lang='lat' dir='ltr'><strong>quod</strong></span> 
     </span>
     <span class='ocr_line' id='line_1_23' title="bbox 33 2151 941 2234; baseline 0.01 -26"><span class='ocrx_word' id='word_1_173' title='bbox 33 2151 174 2229; x_wconf 85' lang='lat' dir='ltr'><strong>sentiebat,</strong></span> <span class='ocrx_word' id='word_1_174' title='bbox 196 2151 346 2234; x_wconf 87' lang='lat' dir='ltr'><strong>perficere</strong></span> <span class='ocrx_word' id='word_1_175' title='bbox 366 2153 515 2228; x_wconf 80' lang='lat' dir='ltr'><strong>licuisset,</strong></span> <span class='ocrx_word' id='word_1_176' title='bbox 533 2171 639 2215; x_wconf 94' lang='lat' dir='ltr'><strong>novam</strong></span> <span class='ocrx_word' id='word_1_177' title='bbox 659 2154 853 2234; x_wconf 82' lang='lat' dir='ltr'><strong>questionem</strong></span> <span class='ocrx_word' id='word_1_178' title='bbox 869 2155 941 2217; x_wconf 86' lang='lat' dir='ltr'><strong>nul-</strong></span> 
     </span>
     <span class='ocr_line' id='line_1_24' title="bbox 33 2230 942 2314; baseline 0.011 -24"><span class='ocrx_word' id='word_1_179' title='bbox 33 2230 104 2292; x_wconf 75' lang='lat' dir='ltr'><strong>tan³</strong></span> <span class='ocrx_word' id='word_1_180' title='bbox 135 2235 326 2298; x_wconf 84' lang='lat' dir='ltr'><strong>haberemus.</strong></span> <span class='ocrx_word' id='word_1_181' title='bbox 381 2235 570 2298; x_wconf 80' lang='lat' dir='ltr'><strong>Decernebat</strong></span> <span class='ocrx_word' id='word_1_182' title='bbox 597 2238 695 2314; x_wconf 90' lang='lat' dir='ltr'><strong>enim,</strong></span> <span class='ocrx_word' id='word_1_183' title='bbox 729 2243 762 2298; x_wconf 91' lang='lat' dir='ltr'><strong>ut</strong></span> <span class='ocrx_word' id='word_1_184' title='bbox 789 2238 942 2301; x_wconf 88' lang='lat' dir='ltr'><strong>veteribus</strong></span> 
     </span>
     <span class='ocr_line' id='line_1_25' title="bbox 34 2313 942 2400; baseline 0.011 -27"><span class='ocrx_word' id='word_1_185' title='bbox 34 2313 158 2398; x_wconf 82' lang='lat' dir='ltr'><strong>legibus,</strong></span> <span class='ocrx_word' id='word_1_186' title='bbox 200 2318 407 2381; x_wconf 87' lang='lat' dir='ltr'><strong>tantummodo</strong></span> <span class='ocrx_word' id='word_1_187' title='bbox 430 2325 522 2400; x_wconf 84' lang='lat' dir='ltr'><strong>extra</strong></span> <span class='ocrx_word' id='word_1_188' title='bbox 551 2319 705 2394; x_wconf 90' lang='lat' dir='ltr'><strong>ordinem,</strong></span> <span class='ocrx_word' id='word_1_189' title='bbox 747 2329 942 2400; x_wconf 81' lang='lat' dir='ltr'><strong>quaereretur.</strong></span> 
     </span>
     <span class='ocr_line' id='line_1_26' title="bbox 34 2395 942 2483; baseline 0.012 -28"><span class='ocrx_word' id='word_1_190' title='bbox 34 2395 122 2462; x_wconf 87' lang='lat' dir='ltr'><strong>ltivisa</strong></span> <span class='ocrx_word' id='word_1_191' title='bbox 145 2403 294 2465; x_wconf 88' lang='lat' dir='ltr'><strong>sententia</strong></span> <span class='ocrx_word' id='word_1_192' title='bbox 318 2407 395 2478; x_wconf 77' lang='lat' dir='ltr'><strong>cst,</strong></span> <span class='ocrx_word' id='word_1_193' title='bbox 415 2402 589 2482; x_wconf 85' lang='lat' dir='ltr'><strong>postulante</strong></span> <span class='ocrx_word' id='word_1_194' title='bbox 613 2402 717 2463; x_wconf 90' lang='lat' dir='ltr'><strong>nescio</strong></span> <span class='ocrx_word' id='word_1_195' title='bbox 746 2420 825 2483; x_wconf 84' lang='lat' dir='ltr'><strong>quo;</strong></span> <span class='ocrx_word' id='word_1_196' title='bbox 869 2404 942 2466; x_wconf 91' lang='lat' dir='ltr'><strong>nihil</strong></span> 
     </span>
    </p>
   </div>
   <div class='ocr_carea' id='block_1_7' title="bbox 35 2481 1032 2567">
    <p class='ocr_par' dir='ltr' id='par_1_7' title="bbox 35 2481 1032 2567">
     <span class='ocr_line' id='line_1_27' title="bbox 35 2481 1032 2567; baseline 0.01 -29"><span class='ocrx_word' id='word_1_197' title='bbox 35 2481 101 2543; x_wconf 91' lang='lat' dir='ltr'><strong>enim</strong></span> <span class='ocrx_word' id='word_1_198' title='bbox 120 2501 249 2560; x_wconf 85' lang='lat' dir='ltr'><strong>necesse</strong></span> <span class='ocrx_word' id='word_1_199' title='bbox 272 2492 318 2547; x_wconf 90' lang='lat' dir='ltr'><strong>est</strong></span> <span class='ocrx_word' id='word_1_200' title='bbox 340 2485 471 2547; x_wconf 87' lang='lat' dir='ltr'><strong>omnium</strong></span> <span class='ocrx_word' id='word_1_201' title='bbox 494 2503 543 2546; x_wconf 92' lang='lat' dir='ltr'><strong>me</strong></span> <span class='ocrx_word' id='word_1_202' title='bbox 564 2484 677 2567; x_wconf 84' lang='lat' dir='ltr'><strong>flagitia</strong></span> <span class='ocrx_word' id='word_1_203' title='bbox 698 2485 847 2566; x_wconf 84' lang='lat' dir='ltr'><strong>proferre.</strong></span> <span class='ocrx_word' id='word_1_204' title='bbox 892 2487 943 2550; x_wconf 89' lang='lat' dir='ltr'><strong>Sic</strong></span> <span class='ocrx_word' id='word_1_205' title='bbox 1029 2487 1032 2492; x_wconf 77' lang='grc'><em>’</em></span> 
     </span>
    </p>
   </div>
   <div class='ocr_carea' id='block_1_8' title="bbox 34 2563 942 2712">
    <p class='ocr_par' dir='ltr' id='par_1_8' title="bbox 34 2563 942 2712">
     <span class='ocr_line' id='line_1_28' title="bbox 34 2563 942 2712; baseline 0.011 -88"><span class='ocrx_word' id='word_1_206' title='bbox 34 2563 142 2712; x_wconf 48' lang='grc' dir='ltr'><strong>ἷειῑίιῃιὲιι</strong></span> <span class='ocrx_word' id='word_1_207' title='bbox 158 2570 323 2632; x_wconf 84' lang='lat' dir='ltr'><strong>auctoritas</strong></span> <span class='ocrx_word' id='word_1_208' title='bbox 353 2573 475 2630; x_wconf 87' lang='lat' dir='ltr'><strong>senatus</strong></span> <span class='ocrx_word' id='word_1_209' title='bbox 504 2574 604 2650; x_wconf 90' lang='lat' dir='ltr'><strong>empta</strong></span> <span class='ocrx_word' id='word_1_210' title='bbox 623 2569 842 2631; x_wconf 87' lang='lat' dir='ltr'><strong>intercessione</strong></span> <span class='ocrx_word' id='word_1_211' title='bbox 865 2571 942 2633; x_wconf 89' lang='lat' dir='ltr'><strong>sub-</strong></span> 
     </span>
     <span class='ocr_line' id='line_1_29' title="bbox 44 2659 892 2712; baseline 0.018 -6"><span class='ocrx_word' id='word_1_212' title='bbox 44 2663 82 2709; x_wconf 89' lang='lat' dir='ltr'><strong>aa</strong></span> <span class='ocrx_word' id='word_1_213' title='bbox 99 2667 115 2710; x_wconf 93' lang='lat' dir='ltr'><strong>e</strong></span> <span class='ocrx_word' id='word_1_214' title='bbox 144 2697 151 2712; x_wconf 93' lang='lat'><strong>.</strong></span> <span class='ocrx_word' id='word_1_215' title='bbox 276 2659 282 2662; x_wconf 82' lang='lat'>&#39;</span> <span class='ocrx_word' id='word_1_216' title='bbox 527 2677 530 2697; x_wconf 50' lang='grc' dir='ltr'>ν</span> <span class='ocrx_word' id='word_1_217' title='bbox 889 2683 892 2688; x_wconf 93' lang='grc'><em>·</em></span> 
     </span>
    </p>
   </div>
   <div class='ocr_carea' id='block_1_9' title="bbox 73 2719 987 2816">
    <p class='ocr_par' dir='ltr' id='par_1_9' title="bbox 73 2719 987 2816">
     <span class='ocr_line' id='line_1_30' title="bbox 73 2719 987 2816; baseline 0.008 -22"><span class='ocrx_word' id='word_1_218' title='bbox 73 2719 78 2732; x_wconf 82' lang='grc'><strong>’</strong></span> <span class='ocrx_word' id='word_1_219' title='bbox 109 2732 149 2797; x_wconf 83' lang='lat' dir='ltr'><strong>At</strong></span> <span class='ocrx_word' id='word_1_220' title='bbox 167 2735 249 2797; x_wconf 92' lang='lat' dir='ltr'><strong>enim</strong></span> <span class='ocrx_word' id='word_1_221' title='bbox 272 2732 325 2797; x_wconf 82' lang='lat' dir='ltr'><strong>Cn.</strong></span> <span class='ocrx_word' id='word_1_222' title='bbox 347 2733 509 2816; x_wconf 89' lang='lat' dir='ltr'><strong>Pompeius</strong></span> <span class='ocrx_word' id='word_1_223' title='bbox 529 2732 691 2814; x_wconf 79' lang='lat' dir='ltr'><strong>rogatione</strong></span> <span class='ocrx_word' id='word_1_224' title='bbox 716 2749 771 2796; x_wconf 87' lang='lat' dir='ltr'><strong>sua</strong></span> <span class='ocrx_word' id='word_1_225' title='bbox 795 2739 825 2796; x_wconf 92' lang='lat' dir='ltr'><strong>et</strong></span> <span class='ocrx_word' id='word_1_226' title='bbox 848 2735 886 2797; x_wconf 92' lang='lat' dir='ltr'><strong>de</strong></span> <span class='ocrx_word' id='word_1_227' title='bbox 907 2753 987 2806; x_wconf 81' lang='lat' dir='ltr'><strong>rers</strong></span> 
     </span>
    </p>
   </div>
   <div class='ocr_carea' id='block_1_10' title="bbox 36 2812 1022 2900">
    <p class='ocr_par' dir='ltr' id='par_1_10' title="bbox 36 2812 1022 2900">
     <span class='ocr_line' id='line_1_31' title="bbox 36 2812 1022 2900; baseline 0.012 -30"><span class='ocrx_word' id='word_1_228' title='bbox 36 2812 112 2876; x_wconf 87' lang='lat' dir='ltr'><strong>etde</strong></span> <span class='ocrx_word' id='word_1_229' title='bbox 136 2818 409 2892; x_wconf 83' lang='lat' dir='ltr'><strong>causaiudicavit3</strong></span> <span class='ocrx_word' id='word_1_230' title='bbox 449 2816 514 2879; x_wconf 90' lang='lat' dir='ltr'><strong>tulit</strong></span> <span class='ocrx_word' id='word_1_231' title='bbox 536 2817 615 2877; x_wconf 90' lang='lat' dir='ltr'><strong>enim</strong></span> <span class='ocrx_word' id='word_1_232' title='bbox 638 2817 675 2879; x_wconf 93' lang='lat' dir='ltr'><strong>de</strong></span> <span class='ocrx_word' id='word_1_233' title='bbox 697 2817 795 2895; x_wconf 84' lang='lat' dir='ltr'><strong>caede,</strong></span> <span class='ocrx_word' id='word_1_234' title='bbox 819 2836 887 2900; x_wconf 86' lang='lat' dir='ltr'><strong>quae</strong></span> <span class='ocrx_word' id='word_1_235' title='bbox 910 2820 942 2881; x_wconf 88' lang='lat' dir='ltr'><strong>in</strong></span> <span class='ocrx_word' id='word_1_236' title='bbox 1017 2849 1022 2856; x_wconf 60' lang='lat'><strong><em>¹</em></strong></span> 
     </span>
    </p>
   </div>
   <div class='ocr_carea' id='block_1_11' title="bbox 36 2890 986 3150">
    <p class='ocr_par' dir='ltr' id='par_1_11' title="bbox 36 2890 986 3150">
     <span class='ocr_line' id='line_1_32' title="bbox 37 2890 942 2978; baseline 0.015 -26"><span class='ocrx_word' id='word_1_237' title='bbox 37 2890 120 2976; x_wconf 83' lang='lat' dir='ltr'><strong>lippia</strong></span> <span class='ocrx_word' id='word_1_238' title='bbox 146 2902 196 2963; x_wconf 88' lang='lat' dir='ltr'><strong>via</strong></span> <span class='ocrx_word' id='word_1_239' title='bbox 227 2901 308 2963; x_wconf 86' lang='lat' dir='ltr'><strong>iacta</strong></span> <span class='ocrx_word' id='word_1_240' title='bbox 335 2905 435 2978; x_wconf 91' lang='lat' dir='ltr'><strong>esset,</strong></span> <span class='ocrx_word' id='word_1_241' title='bbox 466 2901 498 2960; x_wconf 93' lang='lat' dir='ltr'><strong>in</strong></span> <span class='ocrx_word' id='word_1_242' title='bbox 529 2917 588 2978; x_wconf 87' lang='lat' dir='ltr'><strong>qua</strong></span> <span class='ocrx_word' id='word_1_243' title='bbox 610 2899 642 2961; x_wconf 90' lang='lat' dir='ltr'><strong>P.</strong></span> <span class='ocrx_word' id='word_1_244' title='bbox 665 2898 789 2964; x_wconf 87' lang='lat' dir='ltr'><strong>Clodius</strong></span> <span class='ocrx_word' id='word_1_245' title='bbox 822 2905 942 2966; x_wconf 87' lang='lat' dir='ltr'><strong>occisus</strong></span> 
     </span>
     <span class='ocr_line' id='line_1_33' title="bbox 37 2981 943 3067; baseline 0.015 -32"><span class='ocrx_word' id='word_1_246' title='bbox 37 2985 113 3042; x_wconf 87' lang='lat' dir='ltr'><strong>esset.</strong></span> <span class='ocrx_word' id='word_1_247' title='bbox 144 2982 223 3057; x_wconf 89' lang='lat' dir='ltr'><strong>Quid</strong></span> <span class='ocrx_word' id='word_1_248' title='bbox 238 3001 312 3067; x_wconf 84' lang='lat' dir='ltr'><strong>ergo</strong></span> <span class='ocrx_word' id='word_1_249' title='bbox 331 2983 423 3045; x_wconf 82' lang='lat' dir='ltr'><strong>tulit?</strong></span> <span class='ocrx_word' id='word_1_250' title='bbox 456 2981 571 3062; x_wconf 88' lang='lat' dir='ltr'><strong>Nempe</strong></span> <span class='ocrx_word' id='word_1_251' title='bbox 589 2988 623 3043; x_wconf 90' lang='lat' dir='ltr'><strong>ut</strong></span> <span class='ocrx_word' id='word_1_252' title='bbox 639 2991 832 3064; x_wconf 73' lang='lat' dir='ltr'><strong>quaereretur.</strong></span> <span class='ocrx_word' id='word_1_253' title='bbox 864 2986 943 3059; x_wconf 87' lang='lat' dir='ltr'><strong>Quid</strong></span> 
     </span>
     <span class='ocr_line' id='line_1_34' title="bbox 36 3065 986 3150; baseline 0.011 -28"><span class='ocrx_word' id='word_1_254' title='bbox 36 3074 115 3136; x_wconf 87' lang='lat' dir='ltr'><strong>porro</strong></span> <span class='ocrx_word' id='word_1_255' title='bbox 133 3068 324 3150; x_wconf 76' lang='lat' dir='ltr'><strong>querendum</strong></span> <span class='ocrx_word' id='word_1_256' title='bbox 348 3065 421 3131; x_wconf 83' lang='lat' dir='ltr'><strong>est?</strong></span> <span class='ocrx_word' id='word_1_257' title='bbox 463 3065 708 3128; x_wconf 72' lang='lat' dir='ltr'><strong>lastemnam?</strong></span> <span class='ocrx_word' id='word_1_258' title='bbox 754 3068 793 3129; x_wconf 82' lang='lat' dir='ltr'><strong>nt</strong></span> <span class='ocrx_word' id='word_1_259' title='bbox 818 3076 942 3133; x_wconf 89' lang='lat' dir='ltr'><strong>constat.</strong></span> <span class='ocrx_word' id='word_1_260' title='bbox 982 3089 986 3096; x_wconf 88' lang='lat'>·</span> 
     </span>
    </p>
   </div>
   <div class='ocr_carea' id='block_1_12' title="bbox 38 3140 1029 3232">
    <p class='ocr_par' dir='ltr' id='par_1_12' title="bbox 38 3140 1029 3232">
     <span class='ocr_line' id='line_1_35' title="bbox 38 3140 1029 3232; baseline 0.012 -27"><span class='ocrx_word' id='word_1_261' title='bbox 38 3140 161 3226; x_wconf 83' lang='lat' dir='ltr'><strong>Aquo?</strong></span> <span class='ocrx_word' id='word_1_262' title='bbox 198 3149 240 3214; x_wconf 89' lang='lat' dir='ltr'><strong>At</strong></span> <span class='ocrx_word' id='word_1_263' title='bbox 260 3156 354 3232; x_wconf 84' lang='lat' dir='ltr'><strong>paret.</strong></span> <span class='ocrx_word' id='word_1_264' title='bbox 402 3147 483 3211; x_wconf 85' lang='lat' dir='ltr'><strong>Vidit</strong></span> <span class='ocrx_word' id='word_1_265' title='bbox 506 3149 619 3230; x_wconf 83' lang='lat' dir='ltr'><strong>igitur,</strong></span> <span class='ocrx_word' id='word_1_266' title='bbox 651 3149 738 3210; x_wconf 87' lang='lat' dir='ltr'><strong>etiam</strong></span> <span class='ocrx_word' id='word_1_267' title='bbox 763 3152 793 3213; x_wconf 97' lang='lat' dir='ltr'><strong>in</strong></span> <span class='ocrx_word' id='word_1_268' title='bbox 816 3152 942 3215; x_wconf 86' lang='lat' dir='ltr'><strong>confes·</strong></span> <span class='ocrx_word' id='word_1_269' title='bbox 1027 3201 1029 3206; x_wconf 68' lang='lat'><strong>,</strong></span> 
     </span>
    </p>
   </div>
   <div class='ocr_carea' id='block_1_13' title="bbox 38 3223 943 3399">
    <p class='ocr_par' dir='ltr' id='par_1_13' title="bbox 38 3223 943 3399">
     <span class='ocr_line' id='line_1_36' title="bbox 38 3223 942 3316; baseline 0.015 -34"><span class='ocrx_word' id='word_1_270' title='bbox 38 3223 111 3290; x_wconf 85' lang='lat' dir='ltr'><strong>sione</strong></span> <span class='ocrx_word' id='word_1_271' title='bbox 132 3231 203 3294; x_wconf 88' lang='lat' dir='ltr'><strong>iacti</strong></span> <span class='ocrx_word' id='word_1_272' title='bbox 226 3234 301 3296; x_wconf 91' lang='lat' dir='ltr'><strong>iuris</strong></span> <span class='ocrx_word' id='word_1_273' title='bbox 330 3239 427 3295; x_wconf 90' lang='lat' dir='ltr'><strong>tamen</strong></span> <span class='ocrx_word' id='word_1_274' title='bbox 457 3229 665 3294; x_wconf 87' lang='lat' dir='ltr'><strong>defensionem</strong></span> <span class='ocrx_word' id='word_1_275' title='bbox 695 3234 807 3316; x_wconf 92' lang='lat' dir='ltr'><strong>suscipi</strong></span> <span class='ocrx_word' id='word_1_276' title='bbox 838 3252 942 3316; x_wconf 89' lang='lat' dir='ltr'><strong>posse.</strong></span> 
     </span>
     <span class='ocr_line' id='line_1_37' title="bbox 40 3304 943 3399; baseline 0.003 -22"><span class='ocrx_word' id='word_1_277' title='bbox 40 3304 114 3377; x_wconf 78' lang='lat' dir='ltr'><strong>Quod</strong></span> <span class='ocrx_word' id='word_1_278' title='bbox 133 3317 191 3378; x_wconf 90' lang='lat' dir='ltr'><strong>nisi</strong></span> <span class='ocrx_word' id='word_1_279' title='bbox 213 3317 348 3394; x_wconf 90' lang='lat' dir='ltr'><strong>vidisset,</strong></span> <span class='ocrx_word' id='word_1_280' title='bbox 371 3332 465 3398; x_wconf 85' lang='lat' dir='ltr'><strong>posse</strong></span> <span class='ocrx_word' id='word_1_281' title='bbox 482 3313 599 3377; x_wconf 89' lang='lat' dir='ltr'><strong>absolvi</strong></span> <span class='ocrx_word' id='word_1_282' title='bbox 618 3333 697 3394; x_wconf 90' lang='lat' dir='ltr'><strong>eum,</strong></span> <span class='ocrx_word' id='word_1_283' title='bbox 720 3319 772 3399; x_wconf 86' lang='lat' dir='ltr'><strong>qui</strong></span> <span class='ocrx_word' id='word_1_284' title='bbox 787 3316 943 3396; x_wconf 86' lang='lat' dir='ltr'><strong>fateretur,</strong></span> 
     </span>
    </p>
   </div>
   <div class='ocr_carea' id='block_1_14' title="bbox 40 3398 1119 3482">
    <p class='ocr_par' dir='ltr' id='par_1_14' title="bbox 40 3398 1119 3482">
     <span class='ocr_line' id='line_1_38' title="bbox 40 3398 1119 3482; baseline 0.005 -25"><span class='ocrx_word' id='word_1_285' title='bbox 40 3406 117 3469; x_wconf 81' lang='lat' dir='ltr'><strong>quum</strong></span> <span class='ocrx_word' id='word_1_286' title='bbox 135 3399 251 3463; x_wconf 89' lang='lat' dir='ltr'><strong>videret</strong></span> <span class='ocrx_word' id='word_1_287' title='bbox 273 3415 331 3463; x_wconf 89' lang='lat' dir='ltr'><strong>nos</strong></span> <span class='ocrx_word' id='word_1_288' title='bbox 352 3398 453 3480; x_wconf 87' lang='lat' dir='ltr'><strong>lateri,</strong></span> <span class='ocrx_word' id='word_1_289' title='bbox 474 3413 574 3480; x_wconf 82' lang='lat' dir='ltr'><strong>neque</strong></span> <span class='ocrx_word' id='word_1_290' title='bbox 596 3401 690 3482; x_wconf 87' lang='lat' dir='ltr'><strong>quaeri</strong></span> <span class='ocrx_word' id='word_1_291' title='bbox 711 3418 851 3482; x_wconf 86' lang='lat' dir='ltr'><strong>umquam</strong></span> <span class='ocrx_word' id='word_1_292' title='bbox 876 3401 943 3464; x_wconf 89' lang='lat' dir='ltr'><strong>ius·</strong></span> <span class='ocrx_word' id='word_1_293' title='bbox 1056 3425 1062 3430; x_wconf 88' lang='grc'><em>·</em></span> <span class='ocrx_word' id='word_1_294' title='bbox 1116 3451 1119 3462; x_wconf 77' lang='grc'><strong><em>,</em></strong></span> 
     </span>
    </p>
   </div>
   <div class='ocr_carea' id='block_1_15' title="bbox 42 3525 254 3556">
    <p class='ocr_par' dir='ltr' id='par_1_15' title="bbox 42 3525 254 3556">
     <span class='ocr_line' id='line_1_39' title="bbox 42 3525 254 3556; baseline 0.005 -1"><span class='ocrx_word' id='word_1_295' title='bbox 42 3525 254 3556; x_wconf 42' lang='grc' dir='ltr'>Ἢ</span> 
     </span>
    </p>
   </div>
   <div class='ocr_carea' id='block_1_16' title="bbox 72 3603 1045 3700">
    <p class='ocr_par' dir='ltr' id='par_1_16' title="bbox 72 3603 1045 3700">
     <span class='ocr_line' id='line_1_40' title="bbox 72 3603 1045 3700; baseline 0.01 -25"><span class='ocrx_word' id='word_1_296' title='bbox 72 3620 80 3652; x_wconf 89' lang='lat'>¹</span> <span class='ocrx_word' id='word_1_297' title='bbox 98 3629 194 3683; x_wconf 80' lang='lat' dir='ltr'><strong>acodd.</strong></span> <span class='ocrx_word' id='word_1_298' title='bbox 211 3639 271 3684; x_wconf 81' lang='lat' dir='ltr'><strong>vert·</strong></span> <span class='ocrx_word' id='word_1_299' title='bbox 286 3627 355 3693; x_wconf 78' lang='lat' dir='ltr'><strong>(Col.</strong></span> <span class='ocrx_word' id='word_1_300' title='bbox 373 3639 416 3683; x_wconf 84' lang='lat' dir='ltr'><strong>aut</strong></span> <span class='ocrx_word' id='word_1_301' title='bbox 438 3645 509 3683; x_wconf 85' lang='lat' dir='ltr'><strong>arma</strong></span> <span class='ocrx_word' id='word_1_302' title='bbox 526 3629 578 3683; x_wconf 88' lang='lat' dir='ltr'><strong>Sat.</strong></span> <span class='ocrx_word' id='word_1_303' title='bbox 599 3603 661 3695; x_wconf 88' lang='lat' dir='ltr'><strong>non,</strong></span> <span class='ocrx_word' id='word_1_304' title='bbox 681 3633 781 3684; x_wconf 82' lang='lat' dir='ltr'><strong>etiamsi</strong></span> <span class='ocrx_word' id='word_1_305' title='bbox 798 3655 842 3696; x_wconf 89' lang='lat'><strong>-,</strong></span> <span class='ocrx_word' id='word_1_306' title='bbox 860 3647 943 3700; x_wconf 85' lang='lat' dir='ltr'><strong>remp.</strong></span> <span class='ocrx_word' id='word_1_307' title='bbox 1041 3637 1045 3644; x_wconf 93' lang='grc'><strong>“</strong></span> 
     </span>
    </p>
   </div>
   <div class='ocr_carea' id='block_1_17' title="bbox 68 3697 945 3908">
    <p class='ocr_par' dir='ltr' id='par_1_17' title="bbox 68 3697 945 3908">
     <span class='ocr_line' id='line_1_41' title="bbox 68 3697 945 3775; baseline 0.008 -27"><span class='ocrx_word' id='word_1_308' title='bbox 68 3697 147 3775; x_wconf 65' lang='lat' dir='ltr'><strong>tomen</strong></span> <span class='ocrx_word' id='word_1_309' title='bbox 161 3716 213 3753; x_wconf 91' lang='lat' dir='ltr'><strong>non</strong></span> <span class='ocrx_word' id='word_1_310' title='bbox 226 3699 414 3764; x_wconf 82' lang='lat' dir='ltr'><strong>vulnerarunt.)</strong></span> <span class='ocrx_word' id='word_1_311' title='bbox 431 3722 470 3750; x_wconf 75' lang='lat' dir='ltr'><strong>-r</strong></span> <span class='ocrx_word' id='word_1_312' title='bbox 481 3708 526 3752; x_wconf 88' lang='lat' dir='ltr'><strong>aut</strong></span> <span class='ocrx_word' id='word_1_313' title='bbox 540 3717 592 3768; x_wconf 84' lang='lat' dir='ltr'><strong>quo</strong></span> <span class='ocrx_word' id='word_1_314' title='bbox 602 3717 672 3752; x_wconf 87' lang='lat' dir='ltr'><strong>arma</strong></span> <span class='ocrx_word' id='word_1_315' title='bbox 681 3701 731 3753; x_wconf 83' lang='lat' dir='ltr'><strong>Sat</strong></span> <span class='ocrx_word' id='word_1_316' title='bbox 741 3717 867 3768; x_wconf 80' lang='lat' dir='ltr'><strong>oppressu</strong></span> <span class='ocrx_word' id='word_1_317' title='bbox 876 3711 945 3767; x_wconf 85' lang='lat' dir='ltr'><strong>sunt,</strong></span> 
     </span>
     <span class='ocr_line' id='line_1_42' title="bbox 70 3769 853 3908; baseline 0.01 -23"><span class='ocrx_word' id='word_1_318' title='bbox 70 3770 161 3885; x_wconf 73' lang='lat' dir='ltr'><strong>:ar</strong></span> <span class='ocrx_word' id='word_1_319' title='bbox 178 3770 576 3908; x_wconf 70' lang='lat' dir='ltr'><strong>lle</strong></span> <span class='ocrx_word' id='word_1_320' title='bbox 591 3769 800 3898; x_wconf 70' lang='lat' dir='ltr'><strong>nnnr·</strong></span> <span class='ocrx_word' id='word_1_321' title='bbox 818 3795 853 3814; x_wconf 84' lang='lat'>-</span> 
     </span>
    </p>
   </div>
   <div class='ocr_carea' id='block_1_18' title="bbox 0 0 1250 4318">
    <p class='ocr_par' dir='ltr' id='par_1_18' title="bbox 0 0 1250 4318">
     <span class='ocr_line' id='line_1_43' title="bbox 0 0 1250 4318; baseline 0 0"><span class='ocrx_word' id='word_1_322' title='bbox 0 0 1250 4318; x_wconf 95' lang='lat' dir='ltr'><strong> </strong></span> 
     </span>
    </p>
   </div>
  </div>
 </body>
</html>
