2546 4310
279 189 370 293 eno
395 227 522 293 usus
549 203 791 295 munieras
950 245 1008 324 11Ι

70 409 153 488 velit,
175 409 229 474 sed
254 429 413 500 emergere
431 427 450 475 e
469 411 569 495 patrio
590 427 697 495 regino
710 411 804 493 etque*
821 412 852 474 ia
876 413 985 477 vestris

69 493 269 576 vectigalibus,
289 496 348 558 boc
372 501 428 576 est,
450 497 482 559 in
504 497 586 558 Asiae
605 495 674 558 luce
694 494 819 558 versari.
866 495 1010 560 Etenime

70 577 159 640 adbuc
172 577 212 640 ita
234 580 347 642 nostri¹
373 597 440 643 cum
458 579 512 643 illo
527 595 603 662 rege
619 577 836 654 contenderunt
847 579 982 662 impera-

68 666 151 738 tores,
171 666 203 724 ut
225 662 262 724 ab
287 663 340 724 illo
361 663 493 746 insignia
509 662 656 738 victorie,
677 679 739 725 non
753 663 910 726 victoriam
926 681 981 726 re-
1065 727 1066 731 ,

67 751 221 824 portarent.
290 745 496 828 Triurnphavit
524 747 557 809 L.
586 745 686 822 Sulla,
727 745 918 827 triumphavit
947 747 980 810 L.

68 825 181 892 Murena
203 827 241 890 de
264 825 442 907 Mithridate,
470 830 533 892 'duo
556 827 716 902 tortissimi
735 830 793 891 viri
819 835 850 892 et
873 830 980 893 summi

68 910 272 992 imperatores3
314 913 370 976 sed
401 915 441 976 ita
470 913 708 995 triumpharunt,
740 917 772 974 ut
802 911 854 974 ille
874 915 979 995 pulsus

67 1001 275 1078 superatusque
304 1002 458 1080 regnaret.
511 994 725 1060 Verumtamen
753 995 815 1059 illis
844 995 980 1078 impera-

63 1077 170 1156 toribus
197 1078 262 1142 laus
294 1086 340 1142 est
370 1077 545 1158 tribuenda,
591 1079 673 1161 quod
703 1084 850 1163 egerunt,
890 1081 980 1143 venia

67 1159 162 1239 danda,
185 1163 267 1244 qnod
287 1164 484 1245 reliquerunt,
504 1169 668 1247 propterea
682 1162 768 1244 quod
788 1161 824 1224 ab
843 1180 881 1226 eo
896 1162 978 1226 bello

67 1242 166 1307 Sullam
185 1247 217 1310 in
241 1247 356 1309 ltaliam
377 1265 428 1311 res
449 1248 580 1334 publica,
603 1247 757 1310 Murenam
781 1245 863 1310 Sulla
883 1264 978 1310 revo-
1006 1305 1008 1309 .
1076 1297 1077 1305 ,

66 1327 142 1390 aaut.
200 1329 389 1393 Mithridates
426 1338 525 1395 autem
558 1347 648 1394 omne
677 1330 827 1412 reliquum
860 1311 1050 1412 temptasset

65 1427 117 1473 non
138 1411 173 1474 ad
194 1414 380 1476 oblivionem
401 1416 512 1478 veteris
542 1414 634 1492 belli,
665 1412 720 1477 sed
750 1413 788 1474 ad
818 1431 979 1495 compara-

65 1493 165 1556 tionem
179 1497 249 1559 novi
267 1497 403 1560 contulit.
451 1498 509 1572 Qui
531 1503 657 1580 postea,
687 1497 806 1578 quum²
835 1498 980 1560 maximas

65 1576 228 1642 edilicasset
252 1589 453 1662 ornassetque
479 1581 593 1644 classes
615 1581 826 1660 exercitusque
855 1597 979 1661 perma-

65 1677 149 1740 gnos,
184 1664 414 1744 quibuscunque
436 1663 634 1748 exgentibus
655 1665 820 1744 potuisset,
853 1679 980 1744 compa-

66 1752 167 1824 rasset,
192 1753 222 1808 et
245 1765 282 1809 se
303 1745 506 1829 Bosporanis,
530 1747 661 1811 finitimis
687 1746 768 1822 suis,
793 1745 905 1809 bellum
927 1749 979 1810 in-

66 1823 137 1904 terra
155 1831 310 1894 simularet
320 1830 349 1908 ⁸,
370 1847 467 1913 nsque
492 1832 526 1896 ln
544 1829 717 1912 Hispaniam
738 1829 857 1912 legates
874 1831 979 1895 11111-

65 1913 134 1973 teras
160 1913 240 1976 misit
266 1915 304 1976 ad
333 1925 388 1977 eos
420 1915 532 1994 duces,
573 1915 750 1996 quibuscum
779 1913 979 1978 tumbellam
1016 1973 1021 1982 .

65 1995 249 2075 gerebamus,
286 2003 336 2076 ut,
370 2013 461 2078 quum
483 1997 600 2061 duobus
620 1999 651 2059 in
673 1997 749 2059 locis
774 1996 978 2060 disiunctissi-

66 2077 113 2138 mis
129 2080 316 2164 maximeque
333 2081 461 2144 diuersis
481 2099 542 2145 uno
561 2080 690 2143 consilio
710 2098 727 2143 a
747 2080 826 2144 binis
848 2081 978 2144 bostium

65 2162 150 2240 copiis
170 2164 283 2227 bellum
306 2170 386 2226 terra
409 2166 546 2246 marique
569 2170 747 2248 gereretur,
779 2179 835 2226 vos
856 2165 978 2247 ancipiti

65 2249 243 2310 conmntione
278 2247 403 2310 districti
436 2248 474 2310 de
504 2247 631 2329 imperio
667 2247 859 2310 dimicaretis.
918 2247 978 2312 Sed
990 2262 1024 2311 lo
1128 2310 1131 2322 ,

65 2329 151 2390 tamen
182 2332 305 2394 alterius
327 2333 430 2413 'partis
459 2331 645 2412 periculum,
678 2329 860 2394 Sertorianae
889 2337 978 2414 atque

66 2405 280 2492 Hispaniensis,
343 2431 369 2476 ae
391 2413 485 2477 naulte
508 2415 578 2498 plus
595 2413 776 2500 lrrmamenti
800 2431 837 2476 ac
856 2415 978 2477 roboris

66 2489 193 2574 babebat,
229 2498 285 2564 Cn.
333 2499 443 2580 ompeii
475 2497 577 2562 divino
605 2495 734 2560 consilio
767 2513 803 2558 ac
830 2497 979 2580 singulari
1087 2503 1089 2509 ’

67 2574 160 2640 uirtute
188 2580 347 2665 depulsum
375 2589 437 2657 est;
484 2577 519 2644 iu'
544 2580 636 2644 altera
661 2586 748 2662 parte
769 2581 809 2642 itu
831 2597 883 2642 res
906 2597 923 2646 a
944 2578 978 2643 L.

67 2654 194 2741 Lucullo,
215 2681 332 2728 summo
354 2666 440 2742 viro,
459 2669 506 2728 est
526 2661 746 2741 administrata,
769 2669 802 2726 ut
823 2663 908 2726 initia
926 2662 978 2727 illa

65 2755 152 2806 rernm
172 2750 353 2830 gestarum⁴
383 2764 492 2832 magna
511 2755 606 2829 ¹atque
626 2747 772 2828 praeclara
791 2763 852 2810 non
874 2747 977 2812 felici-

66 2825 210 2909 totietas,
254 2832 310 2896 sed
336 2833 454 2910 virtuti,
494 2833 559 2894 haeo
588 2838 687 2895 autem
716 2837 869 2908 extrema,
911 2847 977 2912 que

66 2922 151 2989 nuper
170 2916 352 2994 acciderunt,
380 2917 569 2997 aon-culpe,
592 2913 648 2977 sed
669 2913 798 2976 fortune
819 2914 978 2977 tribuenda

67 3004 127 3054 esse
142 2997 304 3064 videantur.
351 2998 411 3062 Sed
427 2998 465 3062 de
490 2998 617 3062 Lucullo
641 2997 738 3059 dicam
762 2996 821 3059 alio
843 2997 925 3076 loeo,
948 3001 978 3060 et

30 3121 31 3126 ,
68 3069 101 3134 ita
120 3077 228 3161 dicam,
260 3083 411 3160 Quirites,
441 3089 475 3146 ut
494 3099 594 3162 neque
615 3097 687 3143 vera
708 3081 774 3142 leus
796 3083 824 3143 ei
848 3081 979 3144 detracta

68 3161 189 3226 oratione
218 3173 321 3229 nostre
348 3183 448 3248 neque
480 3166 556 3229 falsa
590 3163 687 3226 afficta
718 3181 788 3227 esse
820 3164 977 3240 rideatur3

69 3234 100 3298 de
117 3249 203 3310 vestri
226 3251 345 3332 imperii
370 3250 514 3333 dignitate
539 3253 628 3329 atque
654 3247 764 3332 gloria,
788 3249 930 3330 quoniam
950 3247 976 3310 is
989 3260 1023 3312 11

69 3327 107 3382 est
123 3345 244 3395 exorsus
267 3334 413 3396 emtionis
436 3351 521 3409 meae,
542 3331 659 3410 videte,
689 3349 778 3413 quem
798 3329 884 3394 vobis
907 3331 976 3392 ani-

70 3418 135 3470 mum
168 3417 389 3498 suscipiendum
422 3417 543 3500 putetis
602 3415 733 3478 Maiores
763 3415 861 3481 vestri,
886 3431 977 3494 saepe,
1020 3411 1046 3482 5
1079 3458 1081 3464 .
1184 3409 1189 3417 ’

69 3500 267 3562 mercatoribus
292 3501 367 3562 aut⁶
403 3499 597 3564 naviculariis
626 3497 763 3562 uostris⁶
799 3495 977 3560 iniuriosius

72 3570 202 3659 tractatis,
234 3582 313 3646 bella
335 3590 496 3668 gesserunt
503 3604 512 3660 ;
556 3598 630 3662 uos,
659 3586 703 3644 tol
725 3579 844 3644 milibus
867 3579 977 3644 civium

72 3663 280 3693 Ἣ

104 3692 113 3722 ¹
135 3704 217 3754 vestri.
256 3706 270 3736 ²
290 3705 354 3756 caat.
370 3703 499 3755 Beaeeba'i.
518 3725 551 3740 ·-
569 3707 749 3770 posteaquam.
808 3697 820 3728 ³
842 3693 979 3750 s.11aaa.

73 3779 75 3791 '
101 3761 151 3826 ⁰35⁸}
168 3771 221 3824 edd.
239 3783 297 3826 aaut.
317 3799 353 3812 -
373 3773 528 3839 simulasset.
585 3768 650 3822 ⁴b.
671 3793 707 3806 ·-
725 3775 855 3834 gestarum
881 3783 979 3821 rerum.

104 3830 160 3889 ‘b
178 3841 259 3896 Meua.
278 3845 333 3898 alii.
351 3868 386 3882 -·
405 3860 444 3897 ae.
499 3840 563 3893 ‘b
582 3865 617 3876 -
634 3855 680 3891 om.
697 3839 800 3891 neruis.

745 3973 826 4030 υ,
