2546 4310
826 249 970 323 mma
1077 288 1079 294 .

89 400 291 477 malidentis,
320 401 451 480 Pompeio
472 403 606 488 lucinium
620 401 808 464 ‘madmena
832 399 922 477 scisse
953 401 1022 481 (ex·
1081 454 1083 458 .

77 494 252 562 spectatur:
282 487 361 547 lttod
381 497 475 548 tomen
497 485 616 548 coamdt
636 489 735 562 muttit
757 489 845 561 etc),
873 505 934 561 qum
955 505 1023 545 son·
1139 519 1144 538 ι

89 569 181 628 tentia
212 569 376 644 pravissime
408 579 460 630 cst.
507 573 565 639 Nec
592 575 662 648 quin
692 571 778 628 etium
801 576 878 626 reete
900 570 1024 644 ponitur,
1085 629 1091 640 ,

90 654 224 726 quoniam
251 655 311 710 hmo
335 672 391 712 non
419 649 547 732 proxime
574 653 804 730 superadduntur
822 670 883 709 oum
908 669 1024 710 ascensu

91 736 157 793 alils
178 737 330 794 mineribus
352 738 434 794 rebus
457 739 500 814 (in
523 738 622 810 864),
646 737 695 794 sed
709 735 744 792 ad
764 753 834 808 eam,
858 753 918 809 quae
933 736 1023 792 inter-

91 819 185 893 posita
209 826 262 891 est,
284 821 448 878 sententiam
469 824 628 892 generalem
650 819 835 890 adiunguntur
857 819 977 893 exempli
995 824 1024 874 et
1056 884 1060 891 Ι

92 902 311 960 confirmationis
338 903 414 962 loco.
456 905 551 978 ltaque
580 904 719 960 causalem
743 903 877 961 orationis
906 903 1023 959 sormam

91 984 220 1061 restituis
241 987 289 1041 cui
307 987 393 1042 etium
412 986 502 1057 fcerit
523 986 689 1045 audiendus.
732 985 788 1041 Sed
809 979 903 1059 paullo
927 985 1023 1041 durius

91 1065 196 1124 cicero
216 1069 245 1125 in
267 1071 430 1142 pronomine
452 1071 589 1128 edanum
610 1069 768 1149 Pompeium
790 1068 892 1140 rediit,
927 1085 942 1124 a
967 1077 1023 1141 quo

92 1149 220 1223 proxime
243 1157 306 1209 ante
327 1155 468 1226 appellato
491 1152 653 1212 sententiam
674 1152 710 1210 ad
739 1157 825 1216 totum
854 1167 941 1222 genus
970 1150 1022 1207 de·
1131 1208 1133 1218 ,

92 1232 220 1305 flexerat,
244 1235 319 1307 quod
342 1235 431 1292 lenem
455 1237 698 1310 reprehensionem
720 1233 847 1291 babebat.
955 1233 957 1236 ’

181 1315 212 1372 ln
234 1315 332 1373 eadem
354 1320 481 1375 oratione
502 1321 578 1390 §67
600 1320 641 1374 sic
656 1319 788 1391 scriptum
811 1323 888 1374 erat:
923 1314 1023 1374 Omcio

90 1395 174 1468 falsa
191 1407 279 1472 atque
297 1399 433 1458 insidiose
451 1401 521 1475 ficto
542 1409 687 1475 consperto
705 1407 781 1458 munt.
825 1397 954 1471 Quodsi
973 1407 1022 1456 tc-

91 1497 156 1537 men
174 1482 311 1539 meritur
328 1483 414 1540 etiem
435 1501 511 1543 ruane
530 1486 610 1557 Milo,
631 1500 692 1542 non
706 1484 764 1540 ium
784 1482 838 1538 loe
856 1482 1033 1539 Clodianum·

90 1565 199 1620 emmer
217 1566 354 1638 timemus,
381 1565 434 1624 sed
454 1575 529 1639 tuos,
559 1568 608 1624 Oa.
630 1565 755 1638 Pompei,
785 1593 820 1607 -··
849 1566 1023 1636 suspiciones

90 1645 339 1720 perhorrescimus.
385 1650 480 1722 Neque
511 1667 544 1707 ea
576 1649 747 1708 continuatio
778 1647 932 1720 superioris
955 1643 1029 1703 sen-'

91 1729 187 1786 tentia
207 1735 235 1786 ct
255 1731 390 1788 emtionis
411 1732 461 1790 bio
481 1739 533 1804 est,
564 1748 645 1806 quam
666 1731 810 1806 particule
827 1728 906 1803 quod
927 1729 954 1786 si
975 1729 1022 1787 in-

87 1811 196 1883 dicant,
218 1818 246 1869 et
268 1814 406 1889 subinepti
427 1816 531 1890 aliquid
552 1815 635 1871 habet
658 1815 719 1872 beo
740 1812 847 1872 timoris
869 1811 954 1884 longe
975 1812 1022 1870 di-

91 1895 167 1952 uersi
188 1897 217 1952 in
240 1896 347 1970 protasi
369 1904 397 1955 ct
420 1897 539 1972 apodesi
562 1897 742 1955 coniunctio:
775 1895 807 1953 Si
828 1893 898 1952 Milo
920 1897 1022 1954 metui·

91 1983 150 2048 tur,
174 2005 208 2019 -
234 1979 371 2054 timemus,
394 1981 423 2038 in
445 1997 499 2055 qua
516 1983 613 2039 saltem
637 1978 786 2039 conversio
804 1978 841 2035 ad
855 1978 1021 2041 contrariam

89 2066 196 2137 partem
219 2061 311 2120 notari
325 2062 419 2121 debuit
440 2065 509 2134 (nos
524 2079 603 2137 sero,
619 2057 824 2136 autsimiliter).
866 2061 924 2120 Sed
941 2078 1021 2119 men-

90 2143 156 2202 dum
178 2143 295 2200 subesse
318 2147 431 2204 codices
461 2146 613 2205 declarent.
659 2147 727 2202 Nam
757 2143 835 2220 quod
861 2145 890 2202 si
917 2152 1021 2216 tumea,

87 2222 166 2302 qnod
197 2227 314 2308 primum
340 2227 370 2286 in
399 2230 527 2304 exemplo
551 2229 727 2287 bembiniano
751 2229 873 2301 repetito
900 2229 1020 2302 positum

89 2308 210 2380 videtur,
232 2309 260 2368 in
282 2310 357 2370 nullo
383 2313 481 2370 codice
503 2318 715 2387 repertumst,
737 2310 786 2368 sed
808 2313 838 2367 io
855 2309 1024 2382 Erfurtensi,

89 2391 198 2450 dnobus
226 2392 336 2468 Onon,
373 2395 536 2469 quibusdam
558 2395 746 2453 editionibus:
788 2410 853 2450 cum
873 2401 966 2451 torreo
983 2395 1019 2466 si,

87 2475 119 2534 in
142 2474 255 2548 reliquis
280 2475 365 2545 (011.
384 2480 415 2552 4,
439 2471 640 2536 Parisicnsibus
661 2475 844 2548 Steinmetzii,
867 2473 948 2550 cett.)
967 2491 1020 2536 catr

87 2565 185 2616 tomen
204 2559 239 2616 si.
281 2560 336 2628 (be
357 2561 460 2618 ceteris
481 2563 592 2636 optimis
615 2566 716 2635 preter
735 2559 792 2618 Eri.
810 2559 877 2617 nibil
897 2565 1019 2618 notatum
1091 2615 1093 2620 ,

86 2636 158 2712 est.)
197 2641 242 2698 Ad
264 2645 408 2700 sententiae
428 2661 607 2719 progressum
626 2642 777 2700 attendenti
792 2642 947 2716 apparebit,
968 2642 1019 2700 (li-

86 2741 220 2781 cerooem
245 2726 404 2784 necessario
428 2727 615 2786 narrationem
636 2726 679 2782 sie
702 2725 888 2796 concludere,
912 2731 941 2781 ut
962 2725 1019 2781 ini-

85 2823 151 2883 quae
174 2809 346 2882 suspicionis¹
362 2810 594 2884 obstinationem,
626 2809 725 2868 nesio
745 2807 857 2882 quidem
881 2809 1018 2882 conquic-
1123 2857 1125 2866 .

86 2890 203 2961 scentia,
226 2891 375 2964 signillcet,
398 2892 499 2950 deinde
521 2894 586 2950 binc
610 2891 789 2956 uehementer
805 2891 959 2948 orationem
982 2892 1018 2948 ad
1110 2905 1113 2914 ⁴

86 2974 247 3046 Pompeium
269 2992 330 3032 cum
350 2975 462 3049 querela
483 2984 646 3034 conuertere
666 2976 748 3044 (Non
761 2974 820 3030 iem
835 2975 916 3044 cte).
958 2974 1017 3032 lta-

86 3072 144 3129 que,
165 3055 230 3112 milri
250 3074 266 3114 e
287 3058 413 3115 codicum
435 3059 564 3132 vestigiis
587 3060 647 3118 haee
669 3059 743 3117 cilici
763 3055 824 3115 visa
846 3064 924 3114 sunt:
951 3057 1017 3116 Ont-

85 3140 138 3194 nia
168 3137 248 3208 falso
281 3169 314 3182 -
347 3150 492 3214 comperto
519 3151 604 3213 eunt,
643 3157 730 3216 quum
757 3148 853 3198 tenura
883 3142 1018 3198 metuitur

86 3222 174 3277 etiam
195 3237 271 3279 nunc
288 3222 368 3292 dille,
401 3230 432 3282 nt
452 3224 499 3297 id,
533 3225 609 3298 quod
630 3230 740 3300 poterat
759 3217 909 3297 separatim
932 3222 1029 3282 adiici'
1096 3242 1099 3250 ·

87 3303 142 3372 (dc
162 3307 283 3376 tumen),
314 3307 482 3377 adiungatur
502 3309 641 3383 superiori
662 3308 805 3364 sententiae
822 3306 925 3378 (linens
947 3307 1016 3378 dog,

86 3386 220 3444 sibrand
239 3388 306 3447 litto
328 3389 523 3460 gleicbwobl).
570 3389 726 3450 ludicatiuo
738 3391 837 3446 'antem
862 3389 946 3445 modo
963 3387 1015 3445 oi-

86 3485 155 3527 ocre
177 3472 271 3544 potius
290 3488 370 3545 quam
392 3467 581 3546 coni'unctivo,
605 3475 652 3549 qui
669 3473 798 3547 proprius
820 3476 863 3528 cst
884 3471 924 3528 rei
942 3473 1014 3528 con-

86 3551 180 3609 trariae
191 3553 390 3627 significandae,
413 3574 476 3613 usus
493 3563 547 3625 cst,
570 3563 599 3614 nt
613 3557 748 3624 emineret
763 3553 804 3611 rei
817 3552 950 3626 (postea)
967 3555 1013 3612 ni·
1072 3609 1074 3614 .

86 3633 234 3693 bilominus
257 3639 392 3695 manentis
413 3640 505 3696 laxior
527 3639 680 3710 adiunctio,
705 3643 734 3694 ul
756 3653 809 3710 pro
823 3636 914 3708 bigar.
937 3640 1013 3708 sd:

86 3733 171 3786 quum
194 3719 324 3790 Liparirts
343 3749 372 3762 -
386 3721 467 3779 nullo
487 3741 520 3780 sc
538 3723 681 3793 implicari
702 3721 818 3793 uenatio
834 3733 940 3793 possus
960 3731 1011 3778 cst.

89 3797 242 3873 clavim.
261 3801 373 3875 ΛΕΜ,
396 3805 473 3862 508:
495 3807 563 3867 troc
582 3813 609 3863 te
627 3799 721 3878 primo
743 3804 805 3861 dies
827 3801 902 3864 detto
926 3805 1012 3874 dedit,
