2468 4318
169 251 172 256 ι
296 227 391 284 nnn.
410 225 686 310 canantnsaq.
920 231 956 282 ac
991 193 994 210 '
1030 209 1032 217 '

40 408 114 480 nent,
140 402 192 484 qui
212 399 371 466 nobiscum
394 407 474 479 sunt,
496 400 571 464 nihil
592 399 744 464 dicimus?
776 399 860 474 Quos
882 402 955 484 qui-

41 488 100 550 den
123 504 194 569 ego,
215 487 243 548 si
267 487 330 548 ullo
352 486 443 548 modo
463 485 529 553 leri
553 486 659 566 possit,
684 488 826 546 nontam
847 485 958 568 ulcisci

39 571 147 649 studeo,
168 587 260 651 quam
276 588 385 632 sanare
401 570 461 632 sihi
475 570 570 650 ipsos,
591 567 729 649 placare¹
748 569 795 630 rei
809 569 956 650 publium

38 672 138 734 neque,
169 653 201 716 id
226 671 320 736 quare
340 653 406 716 lieri
430 669 492 715 non
514 651 622 733 possit,
651 652 679 714 si
700 669 749 714 ine
770 653 875 716 audire
896 670 956 716 vo-

39 738 109 814 lent,
128 737 278 822 intelligo.
319 737 476 818 Exponam
497 736 577 796 enirn
599 735 705 813 vohis4
738 735 886 814 Quirites,
916 754 957 798 ex
1014 779 1022 798 t

40 822 138 902 quibus
159 821 325 904 generibus
347 820 501 882 hominum
524 820 588 881 istae
613 819 709 899 copiae
725 829 956 903 comparentur;

40 903 139 967 deinde
168 904 300 985 singulis
331 903 509 966 medicinam
539 902 660 964 consilii
682 909 780 984 atque
809 904 957 967 orationis

39 1007 122 1066 nea,
150 989 290 1068 siquam
316 994 443 1070 potero,
479 986 612 1049 afferam.
659 984 755 1048 Unum
785 1005 883 1070 genus
911 993 1004 1052 estio

41 1089 152 1149 eorum,
185 1073 257 1152 qui,
293 1089 404 1154 magno
426 1072 457 1132 in
476 1087 537 1132 aere
559 1069 676 1145 alieno,
712 1071 843 1134 maiores
867 1072 957 1132 etiam

40 1157 247 1235 possessiones
269 1155 390 1232 habent,
415 1172 542 1237 quarum
564 1169 668 1215 amore
689 1153 808 1218 adducti
829 1154 973 1216 dissolvi

40 1239 224 1303 nullomodo
248 1243 383 1321 possunt.
440 1237 553 1300 Horum
584 1236 737 1301 homiuum
766 1237 887 1320 species
912 1242 959 1302 est

40 1319 258 1397 honestissima;
292 1329 361 1388 suot
390 1322 470 1384 enim
495 1321 681 1402 locupletes3
715 1321 857 1385 voluntas
882 1337 972 1385 vcro·

41 1411 66 1466 et
84 1424 172 1469 causa
192 1405 461 1487 impudentissima.
509 1404 553 1465 Tu
576 1404 669 1485 agris,
694 1410 727 1466 tn
750 1404 894 1481 aediliciis,
925 1410 959 1466 tu

41 1497 174 1571 argento,
210 1496 243 1552 tu
271 1488 403 1565 familia,
426 1495 469 1550 to
497 1487 589 1550 rebus
621 1488 759 1551 omnibus
782 1496 906 1551 ornatus
929 1494 960 1550 et

42 1575 173 1654 copiosus
204 1574 268 1651 sis,
308 1579 338 1634 et
368 1572 485 1635 dubites
508 1570 546 1633 de
566 1571 765 1651 possessione
788 1569 960 1648 detrahere,

42 1657 189 1736 acquirere
214 1656 252 1719 ad
274 1654 389 1718 ludent?
414 1654 492 1728 Quid
509 1655 588 1716 enim
607 1653 792 1733 exspectas?
816 1653 958 1717 Bellum?
1029 1729 1032 1735 Ι

42 1737 110 1810 Ouid
131 1740 236 1823 ergo?
262 1739 293 1800 in
317 1740 487 1802 vastatione
509 1737 641 1799 omnium
661 1742 724 1798 tuas
742 1738 959 1819 possessiones

42 1830 240 1887 sacrosanctas
261 1821 377 1885 futuras
400 1821 514 1903 putas?
546 1819 595 1882 An
616 1820 733 1882 tabulas
754 1819 874 1886 novas?
898 1819 959 1882 Er-

42 1912 108 1983 rant,
133 1908 184 1988 qui
206 1909 283 1970 istas
312 1925 328 1968 a
351 1904 479 1968 Catilina
504 1909 696 1984 exspectant3
718 1922 787 1967 ineo
809 1902 958 1989 beneficio

43 1989 138 2052 tabula
151 2008 239 2053 novae
254 1988 460 2071 proferentur,
485 2006 589 2051 verum
609 1989 811 2050 auctionaris.
852 1987 960 2069 Neque

43 2074 113 2134 enim
133 2075 193 2153 isti,
216 2074 269 2155 qui
291 2073 504 2155 possessiones
527 2071 653 2149 habent,
675 2071 734 2134 alia
756 2073 874 2135 ratione
897 2071 961 2134 ulla
1028 2125 1031 2132 .

44 2155 108 2218 solvi
128 2175 196 2220 esse
211 2162 348 2239 possunt.
392 2155 478 2229 Qnod
500 2156 526 2217 si
551 2155 695 2218 maturius
716 2154 821 2218 lacere
840 2155 961 2219 voluis-

43 2246 110 2318 sent,
137 2259 239 2323 neque
263 2240 306 2324 (id
328 2239 409 2320 quod
435 2239 642 2301 stultissimum
667 2235 728 2319 est)
753 2246 870 2302 certare
892 2257 961 2302 cum

42 2325 132 2388 usuris
152 2323 303 2389 tractibus
324 2324 515 2405 praediorum,
540 2328 570 2384 et
593 2321 843 2403 locupletioribus
864 2323 962 2386 biset

44 2403 209 2471 melioribus
242 2407 358 2470 civibus
386 2413 550 2469 uteremur.
610 2403 671 2469 Sed
699 2405 794 2470 hosce
822 2406 961 2474 homines

44 2489 153 2552 niciano
183 2497 261 2575 puto
288 2488 568 2572 pertimescendos,
602 2489 684 2569 qood
717 2495 766 2553 aut
790 2489 898 2552 deduci
922 2490 961 2552 dc

46 2576 180 2637 sententia
202 2580 351 2656 possunt,
374 2577 440 2650 aut,
462 2574 489 2635 si
511 2572 746 2654 permanebunt,
767 2574 865 2655 magis
888 2572 961 2635 mihi
1064 2635 1068 2644 ,

46 2655 172 2720 uidentur
190 2663 261 2722 vota
279 2656 388 2720 facturi
405 2663 509 2720 contra
527 2653 758 2738 rempublicam
777 2675 865 2737 quam
878 2674 961 2720 arma
984 2707 987 2723 .

46 2735 132 2804 laturi.
173 2742 311 2805 Alterum
336 2759 434 2824 genus
458 2746 505 2802 cst
529 2757 651 2815 eorum,
682 2741 753 2824 qui,
782 2759 961 2821 quamquam
974 2735 1048 2808 199

46 2833 209 2900 promuntur
232 2843 293 2888 aare
315 2825 437 2900 alieno,
466 2823 701 2886 dominationem
724 2829 823 2886 tamen
846 2842 961 2906 exspe-

48 2910 133 2983 ctant,
154 2927 257 2970 rerum
278 2909 369 2990 potiri
390 2907 513 2990 volunt,
535 2907 687 2984 honores,
706 2923 784 2988 quos
804 2908 905 2988 quieta
926 2925 962 2970 ne

48 2989 156 3066 publica
178 2993 351 3073 desperant,
374 2991 549 3072 perturbata
571 2991 717 3072 consequi
739 3010 774 3053 se
794 3007 887 3071 posse
908 3010 963 3054 ar-

48 3067 189 3137 hitrantdr.
238 3075 354 3148 Quibus
379 3074 438 3137 hoc
463 3074 698 3156 praecipiendunt
719 3073 848 3153 uidetur,
869 3094 962 3138 unum

50 3153 154 3221 scilicet
175 3167 206 3223 et
226 3157 315 3232 idern,
346 3158 427 3239 qood
448 3158 574 3238 reliquis
597 3158 768 3235 omnious2,
793 3165 827 3222 ut
848 3158 962 3240 daspe-

50 3246 116 3316 rent,
137 3259 172 3304 se
189 3242 231 3320 id,
256 3241 338 3322 quod
354 3247 511 3319 conantur,
536 3243 682 3322 consequi
700 3260 809 3324 posse3
834 3243 963 3322 primum

52 3325 170 3388 omnium
189 3345 238 3389 me
262 3323 360 3408 i'psuan
382 3325 529 3407 vigilare,
564 3324 691 3404 adesse,
728 3325 891 3406 providere
916 3327 963 3394 rei
1078 3377 1080 3384 .

52 3405 183 3485 pollicae;
208 3410 317 3473 deinde
339 3426 466 3492 magnos
482 3409 598 3472 animos
620 3428 689 3472 esse
714 3411 744 3472 io
766 3409 854 3478 bonis
877 3409 962 3487 viris,

53 3502 176 3571 nagnam
193 3492 396 3562 concordiam,
415 3493 571 3556 maximam
581 3494 815 3566 multitudinem
837 3509 963 3573 magnas

54 3577 312 3710 Rrateneacopias
334 3577 476 3651 militurn3
514 3575 588 3639 deos
618 3577 749 3658 denique
766 3575 964 3638 immortales

71 3655 114 3716 uic
128 3657 236 3724 invicto
259 3660 386 3744 populo,
408 3660 577 3723 clarissimo
596 3660 742 3743 imperiq-
754 3659 965 3742 pulcherrimae

56 3774 268 3801 *Q—
389 3790 392 3802 a

87 3845 96 3877 ¹
116 3867 212 3920 cuono,
231 3865 259 3908 et
275 3856 349 3921 ipsos
365 3853 480 3921 placare.
518 3851 532 3884 ¹
554 3854 649 3906 cotem
668 3853 797 3948 omnibus.
