2546 4310
283 209 319 260 ³8
629 205 863 296 ORATIO

284 377 404 442 sectere
424 377 574 463 suspicari
594 377 670 442 nihil
692 382 865 462 potnerunt,
888 378 1006 441 socium
1025 376 1119 442 oiiicii
1145 396 1218 442 me-

283 469 372 526 tuere
392 479 456 525 non
479 462 665 540 debuerunt,
699 464 766 526 eius
794 462 938 526 melitium
970 479 1033 524 non
1060 461 1219 542 viderunt,

284 545 418 610 orationi
438 564 524 610 vanc
544 545 747 609 erediderunt
787 545 894 627 ltaque
909 563 990 609 nunc
1005 545 1051 608 illi
1069 545 1219 610 homines

226 689 230 704 ζ
284 630 489 693 honestissimi
518 637 643 711 propter
660 629 763 695 istius
791 629 917 692 insidias
940 647 1048 711 porum
1068 637 1218 712 putantur

285 714 365 776 couti
392 711 573 794 providique
602 712 718 790 fuisse3
762 712 838 790 iste,
872 712 924 794 qui
952 712 1040 775 initio
1071 714 1219 795 proditor

280 796 360 873 fuit,
398 795 508 859 deinde
528 795 678 880 perfuga,
711 796 763 878 qui
783 797 883 878 primo
904 796 1057 859 sociorum
1080 799 1219 861 consilia

285 880 468 943 adversariis
495 881 678 958 enuntiavit,
710 879 821 943 deinde
842 879 1019 942 societatem
1044 898 1113 944 cum
1137 881 1217 962 ipsis

285 962 468 1027 adversariis
492 964 575 1042 coiit,
594 970 691 1027 terret
711 964 801 1026 etium
818 980 876 1026 nos
897 980 934 1025 ac
953 963 1093 1040 minetur,
1115 965 1217 1028 tribus

284 1045 425 1129 praediis,
458 1047 518 1113 hoc
548 1052 614 1124 est,
646 1049 778 1130 praemiis
808 1047 955 1123 sceleris,
991 1053 1128 1110 ornatus.
1182 1047 1217 1108 lu

286 1130 435 1194 eiusmodi
457 1131 529 1208 vito,
561 1131 689 1210 iudices,
722 1132 755 1194 in
778 1131 826 1194 bis
847 1136 892 1194 tot
912 1129 1063 1211 tantisque
1086 1130 1216 1213 flagitiis

190 1278 193 1290 2
285 1213 346 1276 hoc
367 1229 488 1296 quoque
509 1211 699 1292 muleiieium,
727 1214 765 1278 de
788 1231 849 1297 quo
871 1213 1013 1277 iudicium
1035 1219 1093 1291 est,
1117 1231 1215 1296 repe-

164 1333 167 1340 *
223 1299 275 1350 110
285 1297 380 1360 rietis.
421 1297 540 1360 Etenim
551 1316 689 1379 quaerere
708 1298 751 1360 ite
769 1297 903 1361 debetis:
927 1295 983 1359 Ubi
999 1297 1093 1360 muita
1109 1314 1216 1374 overe,

285 1381 379 1444 multe
400 1381 582 1461 audacter1‚
621 1382 715 1445 multe
743 1381 901 1463 improbe,
933 1380 1025 1443 multe
1045 1379 1214 1462 perfidiose

281 1464 362 1528 tecte
390 1451 576 1546 videbitis²,
607 1465 650 1528 ibi
677 1465 778 1528 scelus
801 1481 922 1546 quoque
943 1464 1038 1527 icterc
1061 1463 1214 1527 interitio

274 1555 328 1611 tot
348 1547 460 1632 flagitio
481 1553 648 1632 putatote.¹
682 1548 814 1611 Tametsi
845 1547 905 1610 hoc
935 1547 1057 1628 quidem
1086 1549 1213 1611 minime

281 1633 365 1709 lutet,
397 1630 479 1714 quod
500 1632 543 1695 ite
563 1637 734 1715 promptum
757 1638 788 1694 et
807 1631 996 1713 propositum
1019 1637 1075 1711 est,
1101 1636 1213 1694 utnon

282 1733 324 1778 ex
343 1715 405 1778 iliis
428 1712 595 1794 meleficiis,
617 1733 685 1796 que
708 1715 740 1777 in
765 1715 819 1778 ilio
839 1720 957 1778 constet
979 1732 1061 1793 esse,
1082 1715 1147 1778 hoc
1164 1715 1212 1776 in-

282 1799 450 1882 telligetur,
468 1815 573 1860 verum
593 1816 632 1861 ex
652 1798 713 1860 boe
731 1799 831 1875 etiam,
852 1799 879 1860 si
897 1797 979 1880 quod
992 1798 1116 1860 illorum
1133 1797 1211 1862 forte

282 1881 482 1960 dubitabitur,
505 1882 711 1944 convincatur.
756 1881 835 1955 Quid
855 1882 1142 1964 tandem,·qnaeso,
1163 1882 1211 1942 iu-

281 1965 394 2029 dices?
428 1981 500 2028 nurn
530 1970 580 2029 out
604 1965 658 2028 ilie
681 1964 791 2028 lanista
814 1966 938 2029 omnino
961 1966 1022 2028 iam
1043 1983 1061 2027 a
1083 1961 1210 2048 gludio³

280 2049 450 2112 recessisse
473 2047 607 2127 videtm,
631 2054 682 2110 out
704 2049 762 2112 iste
784 2047 951 2130 discipulus
972 2049 1122 2131 magistro
1144 2055 1210 2110 tan-

282 2133 377 2195 tulum
399 2130 438 2194 de
456 2138 521 2194 erte
540 2132 737 2196 concedere?
778 2132 836 2194 Par
857 2138 903 2196 est
924 2133 1067 2209 avaritie,
1102 2129 1209 2196 similis

115 2239 118 2250 ’
169 2209 272 2284 41119
283 2215 471 2297 improbitas,
491 2214 599 2278 eedem
615 2216 809 2299 impudentia,
833 2211 954 2298 gemina
969 2216 1105 2278 eudocia.
1138 2215 1207 2279 Ete-

281 2298 365 2377 nim,
388 2298 531 2379 quonium
554 2298 644 2362 tidem
666 2300 804 2384 magistri
828 2299 1001 2383 cognostis,
1032 2297 1208 2383 cognoscite

281 2399 363 2446 nunc
387 2381 530 2465 discipuli
550 2384 729 2468 aequitntem.
779 2383 849 2446 Dixi
879 2384 937 2446 iem
969 2388 1073 2461 anno,
1109 2398 1206 2464 saepe-

280 2480 409 2529 numero
430 2465 602 2550 postulatos
624 2485 694 2530 esse
712 2468 749 2530 nb
768 2468 839 2530 istis
860 2466 936 2530 duos
951 2483 1058 2530 servos
1075 2467 1109 2529 in
1125 2481 1206 2550 quae-

282 2550 423 2614 stionem.
464 2549 514 2613 'iu‘
529 2568 660 2632 semper,
685 2549 718 2614 Τ.
730 2550 832 2628 Rosci,
853 2551 1009 2613 recusasti.
1030 2549 1142 2623 Quaero
1157 2547 1204 2610 abs

278 2640 332 2696 te:
357 2634 429 2712 iiue,
449 2634 503 2714 rpui
520 2634 723 2714 postulabant,
741 2633 859 2717 indigni
876 2640 971 2712 erunt,
994 2633 1046 2715 qui
1064 2635 1205 2715 impetre-

278 2716 373 2780 rent?
396 2735 434 2780 un
449 2717 477 2780 is
486 2718 534 2779 te4
549 2734 610 2779 non
620 2718 837 2794 commovebat,
849 2735 907 2862 pro
919 2734 979 2798 quo
990 2709 1203 2799 postulabunt?
1239 2767 1240 2776 ,

279 2818 318 2862 en
331 2815 383 2862 res
398 2800 464 2881 ipso
488 2799 543 2862 tibi
561 2800 666 2882 inique
684 2801 841 2864 videbatur
890 2800 1085 2864 Postulobent
1106 2797 1203 2864 honi·
1238 2829 1239 2847 κ

244 2899 248 2908 ·
276 2897 335 2946 nes
351 2883 533 2947 nobilissimi
545 2890 635 2965 utque
648 2884 836 2968 integerrimi
854 2891 966 2948 nostroe
978 2884 1118 2963 civitatis,
1134 2893 1203 2965 quos
1237 2891 1238 2917 t

276 2967 337 3029 iem
356 2973 443 3029 antea
463 2968 634 3043 nominavi3
666 2970 718 3050 qui
740 2969 781 3032 itu
797 2969 939 3031 vixerunt
958 2969 1129 3048 telesqueo
1149 2979 1202 3047 po-
1236 2959 1237 2990 ¹

275 3048 350 3134 puio
375 3041 510 3113 Romano
533 3057 686 3135 putentur,
706 3058 749 3130 ut,
777 3051 921 3135 quidquid
934 3111 936 3120 ,
951 3051 1097 3129 dicerent,
1120 3059 1202 3113 neno

277 3138 380 3212 esset,
412 3135 464 3215 qui
493 3151 555 3198 non
577 3151 695 3216 equum
718 3142 847 3217 putaret.
893 3133 1090 3198 Postuinbent
1111 3140 1199 3197 auten
1233 3147 1234 3203 t

275 3233 334 3299 pro
354 3216 477 3281 homine
498 3217 668 3281 miserrimo
699 3225 789 3301 etque
810 3217 1040 3296 infelicissimo,
1078 3218 1131 3300 qui
1158 3208 1201 3276 rel
1232 3211 1233 3273 t

274 3301 344 3382 ipse
368 3318 438 3364 sese
462 3301 495 3363 in
516 3301 680 3366 muciumm
699 3302 764 3366 deri
787 3308 931 3385 cuperet,
962 3302 1032 3365 dum
1057 3300 1094 3364 de
1109 3294 1199 3383 *putris
1231 3289 1232 3345 t

274 3390 374 3446 morte
398 3391 592 3475 quereretur.
647 3385 707 3450 Res
730 3403 825 3468 porro
847 3387 901 3450 ebs
925 3392 956 3447 te
977 3385 1127 3448 eiusmodi
1146 3397 1197 3465 po·

276 3467 460 3547 stulabntur,
491 3473 526 3532 ut
547 3464 624 3532 nihil
644 3469 825 3552 interesset,
857 3477 959 3534 utrum
979 3485 1047 3533 cem
1067 3486 1132 3532 rem
1152 3480 1197 3528 re-

279 3602 510 3623 -ι--ι-ιιῦ-ιὸ

314 3683 326 3718 ¹
347 3681 488 3738 audaciter.
551 3683 566 3718 ’
592 3684 665 3738 codd.
686 3685 743 3741 edd.
761 3697 820 3742 cett.
844 3713 879 3727 ·-
903 3689 1008 3742 videtis.
1072 3689 1085 3723 ¹
1111 3684 1194 3740 coeit

309 3763 370 3806 cest.
389 3752 461 3807 codd.
480 3755 542 3820 sort.
562 3757 714 3811 motum-et
731 3757 788 3812 eet
808 3768 866 3813 cett.
903 3759 1061 3828 (gladiatore
1083 3746 1191 3814 cessisset

247 3851 249 3861 =
309 3847 345 3860 -
363 3823 518 3890 gladiatore.
574 3825 666 3880 ⁴iste.
