2490 4316
285 211 338 266 ild
455 196 457 210 '
628 201 864 262 ORATIO

289 394 388 443 ueros
419 374 526 458 Neque
544 375 736 438 enimiicuit
757 375 846 442 aliter
867 383 971 442 uestro
995 379 1117 462 generi,
1142 395 1190 442 no-

290 461 385 540 mini,
415 459 554 537 iamilim,
586 457 763 604 discipline.
819 459 879 527 Sed
900 459 961 524 boc
980 479 1043 524 non
1065 461 1191 538 concedo,

291 553 343 624 ut,
378 545 488 626 quibus
521 541 612 607 rebus
643 544 816 626 goriemini
840 546 872 623 in
896 545 1003 622 uobis,
1034 543 1149 608 easdem
1168 545 1190 605 in

246 636 280 686 ιι
293 630 368 695 aliis,
381 625 619 708 reprehendatis.
666 625 834 691 Tuberonis
853 645 922 692 sors
945 629 1083 692 coniecta
1103 634 1145 690 est
1163 645 1191 688 er

294 709 566 785 senatusconsulto,
586 727 677 792 quum
691 710 758 792 ipse
773 728 835 774 non
852 711 982 788 adesset,
1003 712 1109 774 morbo
1122 713 1192 773 etim

294 794 499 878 impediretur.
558 790 718 856 Statuerat·
739 810 899 857 excusare.
955 793 1026 858 Haee
1055 811 1114 878 ego
1138 793 1193 856 novi

294 883 421 962 propter
446 893 555 939 omnes
577 877 835 954 necessitudines,
870 895 937 960 qum
958 877 1032 941 mihi
1056 884 1124 941 sunt
1144 895 1194 938 can

295 962 330 1025 L.
349 959 528 1034 Tuberone3
551 959 632 1024 dorni
653 979 713 1023 una
736 960 855 1038 eruditi,
877 960 992 1038 militiae
1012 961 1194 1026 contubemr-

296 1045 364 1125 leS,
390 1049 461 1126 post
482 1043 605 1120 affines,
638 1044 670 1106 in
692 1044 780 1108 omni.
798 1043 928 1125 denique
951 1046 1010 1107 uita
1034 1044 1194 1118 familiarem

292 1145 439 1212 magnum
461 1129 549 1190 etiam
567 1126 730 1204 vinculum,
751 1127 832 1208 quod
850 1127 957 1190 iisdem
976 1127 1085 1191 studiis
1099 1141 1196 1208 semper

297 1212 348 1276 usi
376 1227 489 1292 sumus.
540 1209 610 1274 Scio
640 1209 734 1294 igitur
764 1209 955 1273 Tuberonem
983 1211 1067 1275 domi
1097 1225 1197 1273 manere

298 1294 451 1370 uoluisse3
493 1293 548 1358 sed
579 1295 619 1357 ita
650 1292 770 1376 qrridum
799 1294 926 1376 agebat,
956 1295 997 1356 ita
1019 1295 1069 1357 rei
1092 1293 1197 1376 publico

299 1377 520 1444 sanctissimum
547 1394 659 1440 nomen
686 1377 874 1458 opponebat,
906 1383 957 1456 ut,
994 1378 1112 1444 etiarnsi
1132 1377 1197 1438 aliter

299 1461 445 1538 sentiret,
473 1461 635 1524 uerborum
655 1464 754 1522 tamen
776 1460 910 1541 ipsorum
929 1461 1050 1542 pondus
1073 1462 1198 1525 sustinere

255 1561 371 1630 aenon¹
385 1549 500 1626 posset.
546 1541 646 1606 Cessit
677 1544 844 1605 auctoritati
875 1544 1053 1626 amplissimi
1084 1545 1138 1608 uiri
1166 1539 1198 1626 ud

300 1628 401 1712 potius
422 1628 531 1709 paruit.
578 1626 643 1688 Una
666 1631 712 1688 est
732 1625 889 1708 profectus
911 1647 977 1690 curn
1002 1629 1061 1706 iis,
1097 1642 1200 1709 quorun

301 1717 368 1775 erat
388 1728 450 1774 una
468 1727 569 1774 curua
609 1708 737 1772 Tardius
756 1710 915 1774 iter-fecit
956 1711 1061 1793 ltaque
1085 1712 1116 1773 in
1134 1708 1200 1772 diri-

302 1813 369 1858 cam
386 1795 469 1856 venit
489 1796 549 1857 iarn
567 1797 751 1874 occupatam.
797 1793 920 1870 ilincin
937 1793 1093 1876 Ligarium
1110 1795 1201 1856 crium

302 1877 400 1941 oritur
421 1877 472 1940 vel
494 1877 541 1940 ira
560 1877 671 1957 potius.
715 1875 808 1954 Nam,
841 1877 868 1940 si
900 1879 1013 1940 crimen
1045 1884 1093 1941 est
1120 1877 1201 1950 ullum,

302 1961 439 2024 voluisse
454 1959 475 2038 ¹,
509 1977 572 2022 non
603 1960 701 2021 minus
733 1977 874 2042 magnum
904 1967 968 2039 est,
999 1978 1059 2024 uos
1081 1959 1202 2032 African,

303 2061 406 2108 arcem
420 2044 552 2106 omnium
567 2043 800 2124 provinciarum,
823 2050 922 2106 natam
938 2043 976 2106 ad
990 2045 1106 2108 bellurn
1121 2047 1202 2106 contra

302 2127 381 2190 hanc
401 2126 508 2189 urbem
528 2125 706 2208 gerendum,
730 2126 868 2189 obtinere
889 2127 1033 2204 voluisse,
1058 2145 1144 2210 mam
1160 2124 1202 2188 aii-

303 2227 394 2292 quenr
415 2227 451 2272 se
471 2209 622 2272 maluisse.
666 2209 766 2290 Atque
785 2210 812 2271 is
835 2213 935 2272 muron
957 2210 1069 2292 aliquis
1089 2209 1203 2292 Ligarius

304 2309 367 2355 non
387 2291 451 2354 fuit.
493 2290 590 2356 Varus
605 2293 763 2374 imperium
785 2311 820 2354 se
841 2291 955 2356 habero
970 2293 1107 2370 dicebat,
1126 2293 1203 2355 iasecs

259 2397 294 2447 m
307 2382 391 2438 eerte
412 2375 552 2440 habebat.
592 2375 657 2442 ,Sed
688 2393 811 2458 quoquo
834 2378 924 2441 modo
947 2377 1021 2440 iilud
1046 2377 1108 2442 se2
1126 2375 1204 2447 habet,

308 2459 373 2523 haec
393 2459 517 2542 querele
536 2467 657 2538 uestra,
678 2458 817 2538 Tubero,
841 2461 912 2542 quid
934 2460 1040 2523 vaiet?
1088 2455 1205 2538 ”flecepi

307 2544 339 2608 in
363 2543 550 2625 provinciam
573 2560 634 2605 non
656 2543 789 2621 sumus?
833 2543 922 2620 Quid,
941 2545 968 2606 si
991 2544 1127 2608 essetis?
1155 2539 1205 2603 Ce-

18 2689 19 2700 ,
308 2627 410 2690 serino
428 2629 495 2688 eam
516 2627 652 2689 tradituri
674 2625 797 2719 iuistis³
819 2645 857 2689 an
879 2632 984 2712 eontra
1000 2627 1148 2690 Caesarem
1165 2641 1205 2685 re-

18 2735 19 2802 p
199 2686 247 2758 «3
309 2708 445 2772 tenturi?
469 2709 555 2786 Vide,
579 2710 651 2791 quid
667 2709 806 2787 licentiae,
831 2707 944 2788 Caesar,
965 2711 1055 2774 nobis
1077 2719 1126 2775 tua
1145 2709 1205 2770 ibe-

18 2809 19 2880 p
310 2791 413 2855 ralitas
434 2791 485 2855 dot
498 2793 547 2856 vel
562 2793 663 2875 potius
679 2793 820 2856 audaciae.
844 2792 876 2858 si
890 2793 1084 2876 responderit
1100 2793 1206 2860 Tubero,

310 2874 463 2955 Africam,
498 2893 559 2956 quo
591 2883 714 2940 senatus
743 2893 971 2958 eurn‘sorsque
1002 2881 1140 2954 miserat,
1169 2871 1206 2935 tibi

310 2965 426 3042 patrem
447 2977 534 3024 suurn
560 2959 735 3023 traditurum
757 2959 869 3039 fuisse,
903 2975 965 3022 non
987 2960 1129 3026 dubitabo
1148 2952 1206 3040 apud

312 3043 410 3123 ipsum
431 3049 471 3118 te,
496 3043 581 3107 cuius
603 3042 634 3105 id
657 3060 726 3105 eum
749 3041 852 3106 iacere
872 3043 1019 3119 interfuit,
1044 3039 1206 3128 grauissimis

313 3125 414 3188 uerbis
435 3127 501 3189 eius
524 3127 683 3203 eonsilium
705 3126 939 3209 reprehendere.
984 3127 1053 3191 Non
1074 3129 1164 3204 enim,
1189 3119 1206 3182 si

268 3209 304 3260 24
315 3207 368 3272 tibi
387 3226 423 3272 ea
443 3227 493 3272 res
518 3198 604 3292 g‘rata
628 3207 746 3288 fuisset,
768 3216 849 3273 esset
872 3213 961 3273 etiam
982 3212 1116 3293 probata.
1164 3201 1207 3271 Sed

263 3335 266 3346 ·
314 3295 374 3356 iam
394 3291 453 3356 boc
474 3298 569 3355 toturn
590 3294 713 3372 omitto,
736 3311 797 3356 non
815 3300 886 3362 tam,
908 3293 974 3356 ne4
996 3293 1141 3358 offendam
1160 3297 1206 3351 tuo

253 3421 257 3428 .
307 3377 547 3458 ‘patientissimas
570 3395 676 3453 aures,
698 3396 788 3458 quam
809 3396 848 3439 ne
870 3376 1008 3454 Tubero,
1041 3377 1206 3460 quod-nun-

272 3483 274 3488 ’
314 3465 404 3540 duam
426 3461 578 3542 cogitavit,
599 3459 733 3523 facturus
754 3459 850 3524 inisse
872 3461 1018 3524 videatur.
1060 3453 1207 3523 veniebatis

314 3543 406 3625 igitur
424 3544 456 3606 in
468 3543 613 3622 Africam,
633 3544 820 3627 provintiam
844 3561 934 3608 unam
950 3561 990 3607 ex
1007 3545 1140 3608 omnihus
1158 3537 1208 3601 buit

354 3736 362 3768 ¹
385 3740 484 3792 crimen
503 3747 559 3803 est,
585 3739 728 3806 probibere
746 3740 818 3816 iiiurn
837 3741 963 3796 voluisse·
999 3743 1012 3774 ¹
1032 3741 1102 3794 codd.
1119 3732 1172 3803 (Ε)
1184 3750 1205 3765 ⁶

352 3821 411 3858 esee
430 3807 502 3860 ittet.
541 3810 552 3841 ³
572 3806 695 3862 fuissetis.
735 3809 747 3842 ⁴
767 3817 795 3862 nt
812 3827 853 3864 ne.
