2468 4318
198 236 200 244 '
238 243 327 299 nno
362 186 545 296 ancara
578 240 741 296 roura.
872 213 948 298 'aas

44 416 150 478 tendam
171 415 483 481 commemorationem
505 414 636 476 nominis
658 412 773 490 nostri,
804 412 859 477 sed
880 432 947 478 cum

49 501 117 562 omni
135 501 304 580 posteritate
326 498 546 580 adaequandam.
588 496 636 559 An
668 515 741 560 vero
773 503 832 559 tam
861 497 992 580 paruiao
1010 495 1057 567 12

48 583 125 644 animi
144 583 295 646 videamur
317 601 385 646 esse
408 599 532 657 omnes,
567 581 619 661 qui
642 581 673 643 in
697 599 732 644 re
755 581 876 662 publica
897 587 947 644 at-

48 685 96 746 que
115 667 143 728 in
159 666 209 728 -his
233 667 299 729 vitae
314 665 460 747 periculis
483 664 697 745 laboribusque
715 682 879 743 versamur,
902 671 946 742 ut,

48 767 123 829 quum
142 767 235 831 usque
259 751 296 812 ad
325 755 490 811 extremum
512 749 640 828 spatium
661 747 773 810 nullum
795 748 945 830 tranquil·
1046 747 1050 766 ¹

47 826 204 916 lunatique
233 834 363 899 otiosum
389 831 528 913 'spiritum
560 831 766 909 duxerimus,
788 831 945 894 nobiscum

47 916 119 977 simul
145 917 284 980 moritura
317 917 418 977 omnia
446 914 648 976 arbitremur?
693 913 741 976 An
773 917 885 978 statuas
916 919 946 977 el
1045 963 1048 978 .

47 999 190 1080 imagines,
218 1018 279 1061 non
301 1000 467 1060 animorum
488 998 666 1075 simulacra,
693 998 749 1061 sed
772 1015 944 1080 corporum,
986 1048 992 1061 .

46 1082 160 1144 studiose
174 1083 267 1152 ,multi
291 1083 398 1146 summi
416 1081 553 1143 homines
569 1081 772 1163 reliquerunt:
795 1082 943 1144 consilio-

46 1165 121 1226 rum¹
141 1167 312 1248 relinquere
336 1183 371 1227 ac
391 1165 719 1240 virtutumpostrarum
735 1163 867 1248 effigiem
882 1182 944 1226 non

46 1249 120 1309 multo
140 1250 226 1311 malle
256 1249 418 1324 debemus,
454 1249 576 1311 summis
606 1249 738 1330 ingeniis
767 1257 943 1330 expressam
1043 1304 1046 1310 .

46 1338 69 1392 et
87 1332 225 1411 politam?
271 1333 338 1414 Ego
359 1347 433 1394 vero
458 1333 574 1408 omnia,
607 1349 673 1413 quae
694 1331 856 1413 gerebam,
883 1332 944 1393 iarn,

45 1419 93 1474 tum
111 1414 139 1476 in
160 1415 296 1498 gerendo
316 1432 461 1496 spargere
485 1433 533 1475 mc
562 1432 596 1475 ac
630 1413 827 1476 disseminare
857 1414 950 1478 arbi-1

44 1497 127 1557 trabam
145 1499 174 1559 in
197 1500 280 1561 orbis
306 1506 394 1560 terrae
413 1498 586 1558 memoriam
603 1498 827 1577 sempiternam.
871 1497 943 1558 Haec
1020 1505 1027 1514 ‘

45 1597 104 1640 vero
128 1582 189 1643 sive
212 1601 228 1644 a
249 1571 437 1645 meo'sensu
465 1586 534 1661 post
562 1585 699 1640 mortem.
718 1579 855 1641 ablutura
885 1585 941 1655 est,

45 1663 104 1739 sive,
123 1670 153 1726 ut
166 1665 379 1745 sapientissimi
398 1663 534 1724 homines
550 1667 738 1744 putaverunt,
758 1661 795 1723 ad
811 1662 941 1742 aliquam
1040 1703 1045 1720 .

29 1746 113 1806 nei2
137 1755 246 1828 partem
268 1746 440 1829 pertinebit,
469 1764 549 1807 nunc
570 1743 691 1826 quidem
714 1751 796 1806 certe
819 1745 941 1828 cogita-

45 1829 111 1890 tione
131 1831 253 1910 quadam
277 1849 392 1912 speque
414 1829 557 1907 delector,

118 1911 212 1986 Quare
243 1919 440 1990 conservate,
474 1912 608 1990 iudices,
643 1909 794 1972 hominem
823 1906 941 1988 pudore
951 1925 984 1975 31

32 1999 84 2069 to,
112 2014 194 2076 quem
216 1999 381 2059 amicorum
403 1995 512 2068 uidetis
534 1993 723 2076 comprobari
745 1990 860 2073 quum-³
891 1989 941 2052 di-

44 2077 139 2153 gnitate
168 2086 226 2142 tum
256 2082 346 2142 etiam
372 2084 535 2156 vetustate,
570 2078 693 2160 ingenio
723 2081 820 2138 autern
847 2078 941 2150 tanto,

45 2167 162 2236 quantum
190 2165 220 2242 iql
247 2163 389 2225 convenit
422 2163 603 2238 existimari,
649 2159 730 2241 quod
757 2173 942 2222 summorum

44 2237 182 2308 boninum
204 2247 336 2330 ingeniis
370 2246 532 2326 expetitum
565 2262 634 2306 esse
665 2242 808 2316 videatis,
831 2257 941 2302 ‘causa

44 2340 103 2386 vero
121 2329 272 2409 eiusmodi,
303 2346 369 2410 quae
389 2327 537 2389 beneficio
558 2327 648 2409 legis,
678 2324 854 2387 auctoritate
870 2341 941 2384 mu-

46 2406 150 2490 nicipii,
178 2413 350 2476 testimonio
376 2410 512 2488 Luculli,
533 2410 641 2474 tabulis
653 2407 773 2470 llletelli
796 2422 941 2486 compro·
1025 2487 1027 2492 Ι

45 2484 122 2554 betur.
166 2495 237 2570 Qum
255 2513 346 2577 quum
371 2495 411 2555 ita
432 2495 508 2569 sint,
538 2493 666 2574 petimus
689 2511 706 2554 a
728 2490 834 2564 vobis,
857 2487 940 2548 iudi-

47 2586 94 2662 ¹tta,
116 2577 139 2638 si
162 2598 218 2660 qua
238 2597 301 2642 non
317 2577 418 2658 ¹modo
439 2576 578 2654 humana,
599 2593 704 2637 verum
729 2573 816 2634 etiam
840 2569 941 2632 diuina

47 2670 69 2712 m
87 2660 164 2722 tantis
183 2661 341 2744 ingeniis4
364 2659 581 2722 commendatio
604 2659 692 2721 debet
708 2673 787 2731 esse,
809 2659 841 2716 ut
862 2670 941 2728 eum,

47 2737 86 2813 qui
104 2759 164 2820 vos,
184 2747 233 2825 qui
256 2750 373 2806 vestros
397 2745 603 2822 imperatores,
625 2741 676 2822 qui
694 2738 801 2820 populi
815 2735 942 2799 Romani

45 2833 84 2880 res
102 2833 194 2904 gestas
218 2845 339 2909 semper
362 2827 490 2902 ornavit,
516 2827 568 2907 qui
588 2826 676 2887 etiarn
698 2823 745 2884 his
768 2818 942 2882 recentibus

47 2908 136 2968 nostris
165 2914 332 2992 vestrisque
362 2910 533 2972 domesticis
562 2907 707 2990 periculis
738 2910 880 2967 eternum
905 2919 941 2965 se

46 2986 230 3056 testimonium*
244 2993 365 3056 laudis⁵
386 2993 520 3056 daturum
542 3009 611 3054 esse
631 2988 804 3072 profitetur,
834 2992 941 3068 estque

47 3082 77 3126 ll
105 3075 160 3134 ⁶0⁶
190 3095 335 3153 numero,
371 3077 421 3156 qui
453 3093 572 3156 semper
600 3073 679 3155 apud
711 3089 815 3134 ornnes
846 3070 941 3132 sancti

47 3157 101 3212 sunt
119 3155 204 3221 habiti
226 3157 349 3242 itaqne⁷
370 3159 457 3236 dicti,
492 3160 537 3221 sic
565 3159 596 3221 in
626 3162 756 3219 vestram
786 3153 940 3235 accipiatis

47 3226 133 3315 idem,
163 3248 194 3303 ut
223 3243 404 3307 humanitate
434 3248 534 3304 vestra
565 3241 682 3303 levatus
714 3239 815 3320 potius
850 3252 938 3316 quarn

48 3319 185 3386 acerbitate
210 3327 339 3390 violatus
373 3343 443 3389 esse
474 3325 618 3388 videatur.
680 3323 753 3397 Qua
780 3322 818 3383 de
848 3334 985 3388 causans

48 3464 247 3496 ,κὴ-
316 3465 319 3470 .

79 3559 130 3614 Ἐ-
150 3567 179 3621 Η.
195 3570 238 3635 ol,
266 3574 304 3626 eol.
321 3569 414 3634 1d72,
441 3569 568 3625 all.'ocst.
595 3597 629 3608 ·-
657 3570 707 3634 An,
736 3583 814 3636 quum
842 3573 940 3616 statuas

76 3644 94 3677 ⁸·
110 3634 133 3698 ia
152 3654 174 3688 11-
192 3658 215 3694 a.
234 3661 263 3708 s,
284 3661 306 3697 s.
317 3661 350 3708 c.,
368 3661 388 3696 a.
401 3659 434 3694 m.
446 3659 466 3694 s.
477 3641 502 3694 h.
516 3641 676 3710 reliquerint,
694 3655 767 3690 cons.
805 3635 818 3666 ²
839 3633 939 3700 [animi]

76 3703 125 3750 mci.
159 3707 216 3762 3Ε,
234 3723 345 3764 -tum
403 3712 464 3764 ⁴E.
483 3737 517 3750 ·-
535 3713 655 3780 negotiis.
682 3734 684 3742 v
710 3706 774 3757 ⁶13.
794 3704 838 3757 att.
859 3704 939 3765 codd,
969 3721 974 3728 ·

76 3768 121 3820 edd.
135 3785 188 3828 aett-
209 3807 240 3820 -
258 3783 371 3836 landum.
410 3781 422 3812 ⁶
443 3783 506 3833 coni.
522 3800 535 3833 e
552 3789 612 3832 cccl.
630 3777 700 3831 codd.
718 3775 805 3842 (isque
823 3783 862 3826 est
881 3771 939 3836 cc).

77 3858 102 3914 T
120 3848 205 3913 quique
226 3861 264 3905 est
285 3869 325 3904 eo.
368 3851 380 3882 ²
398 3860 482 3918 atque.

1023 2250 1027 2259 ¹
1056 2245 1063 2272 l
