2468 4318
274 187 310 236 0⁰
621 182 862 238 oberto
944 189 958 204 ⁴

274 357 360 421 rint?
409 357 467 433 Qui
500 358 538 422 ad
565 375 621 422 vos
650 359 687 424 ab
716 359 831 423 exteris
855 359 1026 424 nationibus
1043 360 1193 440 uenirent.

275 449 381 523 captos
403 460 528 524 querar,
558 461 648 522 quum
669 445 762 526 legati
783 445 889 526 populi
909 445 1035 508 Romani
1056 445 1193 524 redempti

275 526 362 588 sint?
408 525 627 589 Mercatoribus
654 533 747 588 tutum
771 544 855 590 mare
884 527 955 590 noir·
970 527 1068 592 luisse
1099 527 1193 602 dican,

276 627 366 692 quum
401 609 559 672 duodecim
594 627 718 674 secures
754 610 786 672 in
817 611 993 692 predonum
1023 616 1194 694 potestaten
1229 670 1230 690 ,

228 691 493 774 supervenerint?
541 690 668 756 Cnidum
694 699 744 756 aut
766 691 977 775 Colophonem
1001 702 1051 758 aut
1075 695 1194 770 Samum,
1229 699 1230 714 ¹

274 776 478 838 nobilissimas
509 776 618 855 urbes,
661 777 959 858 innumerabilesque
992 779 1070 842 alias
1089 783 1194 858 -captus

274 875 345 922 esse
363 875 614 937 commemorem,
638 878 729 942 quum
749 866 867 922 vestros
890 867 1014 942 portus,
1036 869 1130 945 atque
1150 877 1195 921 eos

272 948 395 1024 portus,
420 943 529 1024 quibus
549 944 640 1005 vitam
664 950 695 1007 et
716 944 853 1024 spiritum
877 945 1002 1023 ducitis,
1025 946 1058 1009 in
1081 943 1194 1028 praedo-

154 1031 157 1042 '
271 1044 343 1088 num
369 1024 477 1088 luisse.
494 1032 673 1108 potestatem
695 1026 824 1090 sciatis?
866 1029 915 1089 An
946 1046 1019 1090 vero
1043 1026 1194 1113 ignoratis,

271 1115 391 1192 portum
415 1108 526 1172 Caietae
550 1111 781 1174 celeberrimum
805 1111 866 1173 ac¹
903 1111 1117 1192 plenissimum
1145 1127 1194 1172 na·

272 1194 370 1272 vium,
405 1193 591 1275 inspectante
617 1200 766 1276 praetore,
799 1194 1029 1276 apredonibus
1056 1213 1131 1259 esse
1153 1193 1195 1254 di-

270 1276 416 1357 reptum?
457 1295 497 1339 ex
517 1276 634 1340 Miseno
658 1284 757 1340 autern
781 1278 847 1340 eius
869 1277 964 1359 ipsius
984 1279 1122 1356 liberos,
1153 1275 1194 1357 qni

272 1378 340 1423 curn
364 1359 558 1441 predonibus
580 1367 667 1423 antea
693 1362 734 1424 ibi
758 1359 871 1424 bellum
896 1368 1045 1443 gesserat,
1082 1381 1100 1425 a
1122 1377 1194 1444 pre-

272 1443 401 1506 donibus
424 1461 493 1506 esse
514 1444 673 1510 sublatos?
709 1443 785 1507 Nam
807 1445 878 1525 quid
903 1461 962 1527 ego
987 1443 1131 1508 Ostiense
1151 1445 1193 1505 in-

271 1527 459 1590 commodum
485 1535 575 1608 atque
599 1528 682 1591 illam
703 1529 802 1592 labem
821 1535 912 1609 atque
934 1529 1133 1611 ignominiam
1154 1524 1193 1588 rei

269 1611 399 1693 publica
420 1630 550 1692 querar,
583 1630 691 1694 quum,
723 1629 822 1696 prope
844 1612 1082 1691 inspectantibus
1105 1611 1193 1683 vobis,

271 1696 378 1758 classis
411 1713 466 1772 ea,
511 1696 562 1757 cui
592 1696 699 1759 consul
727 1695 833 1778 populi
864 1693 990 1756 Romani
1017 1696 1193 1778 praepositus

166 1789 170 1806 ·
270 1783 362 1855 esset,
387 1795 404 1839 a
426 1777 620 1858 predonibus
642 1786 729 1861 capta
751 1787 841 1860 atque
865 1791 1014 1860 oppresso
1036 1780 1112 1842 est?
1142 1777 1191 1838 Pro

253 1863 312 1925 'dii
333 1859 535 1924 immortales!
578 1867 729 1925 tantamne
749 1864 839 1926 unius
860 1860 990 1924 bominis
1013 1860 1192 1926 incredibilis

269 1964 306 2008 ac
328 1945 428 2024 divina
451 1946 546 2007 virtus
568 1941 628 2008 tam
646 1946 732 2009 brevi
746 1951 882 2027 tempore
902 1945 999 2008 lucem
1021 1945 1135 2009 allerre
1153 1941 1191 2004 rei

229 2031 235 2042 “
268 2029 396 2112 publicae
415 2028 522 2111 potuit,
544 2036 578 2090 ut
601 2045 668 2106 vos,
691 2030 742 2112 qui
766 2029 857 2091 modo
880 2036 949 2091 ante
970 2030 1081 2114 ostium
1106 2028 1191 2092 'libe-

267 2114 366 2175 rinum
398 2113 526 2175 classem
561 2112 691 2176 bostium
720 2112 887 2190 videbatis,
921 2113 943 2175 ii
972 2131 1053 2175 nunc
1086 2111 1190 2176 nullam

265 2198 346 2260 intra
364 2192 478 2258 Oceani
497 2197 606 2259 ostium
626 2197 801 2278 praedonum
823 2213 930 2259 narem
950 2213 1020 2258 esse
1042 2191 1190 2269 audiatis?

221 2279 366 2360 addique
391 2278 455 2342 lraeo
478 2298 538 2361 qua
560 2281 715 2343 celeritate
737 2286 823 2363 gesta
844 2281 923 2357 sint,
947 2297 1128 2362 quamquam
1147 2278 1190 2340 vi-

267 2363 355 2441 detis,
377 2367 476 2425 lamen
501 2382 519 2425 a
541 2382 590 2426 me
611 2364 643 2426 in
661 2363 790 2426 dicendo
810 2363 1020 2445 pretereunda
1036 2381 1100 2427 non
1118 2365 1189 2426 sunt.

267 2446 342 2521 Quis
366 2447 444 2509 enim
468 2464 608 2530 umquam
634 2453 685 2510 aut
710 2447 842 2510 obeundi
866 2447 983 2529 negotii
1006 2452 1057 2509 aut
1080 2462 1188 2510 conse-

266 2531 378 2612 quendi
402 2537 533 2612 quaestus
554 2531 654 2594 studio
683 2536 742 2592 tam
772 2531 859 2593 ltrem'
887 2536 1024 2611 tempore
1054 2534 1098 2592 lot
1129 2531 1187 2592 loca

267 2614 369 2691 adire,
395 2621 494 2677 tantos
517 2632 625 2677 cursus
648 2613 799 2676 conficere
824 2615 935 2696 potuit,
965 2631 1054 2694 quam
1079 2612 1187 2676 celeri-

265 2707 330 2775 ter,
353 2695 408 2759 Cn.
429 2697 573 2780 Pompeio
599 2699 694 2775 duce,
724 2698 822 2760 tanti²
853 2697 926 2760 belli
951 2697 1079 2778 impetus
1104 2695 1186 2760 navi-

265 2781 371 2866 gavit?
405 2782 456 2862 qui
482 2780 614 2844 nondum
639 2782 817 2864 tempestivo
838 2780 876 2844 ad
894 2781 1096 2862 navigandum
1118 2775 1185 2843 marl

264 2864 401 2934 Siciliam
429 2863 518 2942 adlit,
551 2863 686 2927 Africam
716 2865 903 2946 exploravit,
934 2865 1004 2926 inde
1026 2863 1186 2927 Sardiniam

266 2967 333 3012 cum
356 2949 454 3010 classe
476 2949 574 3026 venit,
609 2954 698 3032 atque
726 2947 791 3010 baec
819 2951 877 3012 tria
900 2946 1096 3010 frumentaria
1117 2945 1185 3010 sub-

266 3033 343 3096 sidia
366 3032 412 3094 rei
443 3032 572 3114 publice
598 3031 778 3095 firmissimis
808 3031 957 3114 praesidiis
985 3031 1185 3110 classibusque

141 3169 145 3180 .
220 3139 256 3188 35
266 3116 399 3188 munivit.
447 3115 519 3177 lnde
537 3133 628 3198 quum
652 3118 705 3179 se³
729 3115 760 3177 in
782 3115 893 3178 ltaliam
915 3116 1093 3196 recepisset,
1116 3115 1184 3176 dno-

231 3259 233 3264 ,
264 3202 321 3264 bus
342 3199 493 3280 Hispaniis
516 3207 547 3261 et
571 3199 669 3264 Gallia
694 3198 947 3281 [Transalpina]4
984 3198 1133 3279 praesidiis
1156 3210 1185 3256 ao

263 3285 389 3348 navibus
408 3281 591 3359 confirmata,
615 3283 716 3347 missis
735 3283 806 3344 item
822 3284 853 3344 in
870 3300 954 3346 oram
969 3281 1083 3362 lllyrici
1100 3279 1183 3343 maris

264 3369 345 3430 etin
367 3365 511 3429 Achaiam
534 3383 714 3449 omnemque
748 3365 894 3429 Graeciam
923 3366 1068 3443 navibus,
1103 3363 1184 3426 ltalia

151 3495 154 3503 ι
264 3452 325 3514 duo
349 3452 443 3513 maria
464 3449 601 3511 maximis
624 3451 771 3513 classibus
789 3449 1027 3529 firmissimisque
1042 3445 1183 3529 praesidiis

265 3534 435 3610 adornavit3
466 3533 533 3617 ipsc
557 3538 666 3615 autem,
689 3540 722 3600 ut
742 3533 930 3598 Brundisio⁶
956 3531 1112 3615 proiectus
1133 3535 1181 3602 est,

301 3721 525 3790 ¹E.-atque.
563 3725 643 3779 ’om
662 3725 887 3792 tanti‚'⁸E.-
909 3743 937 3780 re
957 3744 1047 3796 quum·
1093 3720 1177 3776 ‘cia-

300 3794 394 3864 alpina.
423 3795 478 3846 aitte
494 3796 576 3847 oncia-
638 3795 704 3848 ιΕ.
722 3821 757 3836 -
775 3812 791 3848 a
809 3795 850 3846 lir.
1018 3807 1021 3814 ·
