2554 4312
218 177 221 188 ’
299 178 435 291 πα”
540 252 544 264 ·
642 225 915 286 onnrro.
1030 237 1037 246 ·
1149 207 1152 214 “

298 405 390 498 coetu
410 397 516 484 gratiis
538 357 716 483 apenninos
740 399 990 484 gratulationibus
1016 395 1165 465 habendis
1188 403 1211 464 ct

299 501 382 548 omni
399 501 542 548 sermone
563 485 759 548 celebramur.
801 484 911 548 Omitto
932 485 1059 548 Etnrriae
1080 483 1212 550 iestcsel

144 641 148 654 ¹
198 587 199 590 ¹
299 573 383 632 actos
407 573 438 629 et
461 568 613 632 institutos
636 567 718 644 dies3
763 567 929 634 centesima
956 569 1010 632 lux
1031 573 1080 632 est
1103 567 1212 634 hecub

298 652 421 716 interitu
439 649 469 712 P.
485 649 584 716 Clodii
605 659 647 724 et,
670 653 788 732 opinor,
810 653 922 728 altera;
946 670 1006 734 qua
1025 651 1105 714 fines
1127 653 1212 732 impe-

204 814 208 822 1
297 737 336 800 rii
361 735 466 816 populi
486 733 614 801 Romani
634 742 722 811 sunt,
760 736 823 800 ea¹
858 753 920 800 non
942 737 1040 801 solnm
1062 735 1211 798 lamniano

191 850 193 857 s
298 818 431 895 ticillo,
466 817 521 882 scd
542 820 631 882 etiarn
654 819 756 882 letitia
777 820 960 902 peragravit.
1009 818 1211 894 Quamobrem,

254 957 256 968 Α
296 902 349 966 ubi
372 918 484 982 corpus
506 902 566 966 hoc
588 903 643 979 sit,
675 919 754 980 non,
781 904 894 985 inquit,
925 902 1051 980 laboro,
1072 897 1212 988 ‘qouniam

298 985 437 1048 omnibus
459 986 490 1048 in
511 985 600 1046 terris
624 991 653 1048 et
674 986 731 1048 ium
751 993 889 1050 versatur
907 992 937 1050 et
958 991 1083 1068 semper
1106 985 1211 1048 habits·

185 1077 235 1150 36
253 1085 286 1134 aa
297 1069 341 1132 bit
363 1069 493 1132 nominis
516 1070 575 1131 mei
599 1069 726 1150 gloria.'’
772 1069 843 1138 Haee
864 1066 896 1132 tu
917 1087 1034 1134 mecum
1058 1086 1154 1150 sepe,
1174 1067 1212 1130 bis

285 1153 470 1217 absentibus
482 1173 490 1228 ;
522 1153 577 1216 sed
599 1153 706 1216 iisdem
728 1153 915 1218 audientibus
939 1154 1004 1216 bec
1029 1170 1093 1235 ego
1117 1159 1212 1227 tecum,

296 1236 386 1300 blilc:
411 1235 453 1298 Te
474 1236 604 1317 quidem,
626 1255 717 1317 quum
737 1237 795 1300 islo
816 1237 916 1300 animo
938 1255 982 1314 es,
1006 1239 1084 1300 satis
1102 1235 1212 1298 laudaro

295 1337 358 1382 non
383 1335 524 1400 possum;
554 1320 620 1397 sed,
644 1337 704 1400 quo
726 1324 772 1382 est
794 1321 852 1384 istu
873 1321 970 1403 magis
992 1320 1098 1384 divina
1120 1320 1211 1394 virtus,

297 1419 336 1468 eo
358 1403 473 1466 maiore
495 1421 513 1465 a
535 1407 566 1464 le
589 1403 695 1466 dolore
718 1403 855 1466 divellor.
899 1402 963 1466 Neo
984 1421 1073 1481 uero,
1104 1400 1211 1468 simili

146 1501 150 1512 ·
216 1543 220 1548 .
296 1487 436 1567 eriperis,
459 1487 575 1568 reliqua
598 1493 643 1550 est
665 1487 715 1549 illa
736 1493 835 1550 tamen
857 1484 894 1550 ud
909 1485 1132 1550 consolandum
1145 1502 1211 1566 quo·

295 1570 380 1648 reia,
411 1571 514 1634 uthis
537 1571 627 1634 irasci
649 1569 783 1652 possim,
807 1589 825 1633 a
849 1571 956 1652 quibus
976 1575 1094 1634 tantum
1115 1571 1210 1651 vuinus

283 1671 456 1736 *accepero
506 1653 577 1717 lion
606 1655 685 1718 eninr
715 1653 828 1716 inimici
852 1656 911 1718 mei
931 1661 963 1716 te
985 1654 1059 1716 mihi
1083 1653 1211 1734 eripient,

295 1737 351 1800 sed
375 1738 570 1814 amicissimi,
601 1755 670 1800 non·
688 1739 766 1800 mule
790 1737 951 1818 aliquando
972 1736 1014 1799 ne
1037 1756 1089 1800 me
1114 1732 1211 1808 meriti,

67 1817 71 1824 '
190 1891 192 1898 y
294 1821 351 1884 sed
372 1839 494 1902 semper
511 1823 633 1903 optime.
675 1817 795 1884 Nullum
809 1821 882 1883 mibi
898 1837 1048 1902 umquam,
1071 1818 1211 1892 indices,

275 1909 407 1977 ,tantum
428 1903 565 1968 dolorem
592 1905 719 1968 inurelis
749 1905 819 1984 (elsi
841 1903 908 1985 quis
931 1909 1032 1993 potest
1055 1901 1137 1966 esse'
1151 1908 1211 1963 tao-

292 1987 404 2065 tusi)‚·
431 1987 487 2052 sed
514 2006 554 2050 ne
582 1987 662 2050 bunc
692 1985 812 2068 quidem
835 1985 953 2068 ipsum,
985 1992 1017 2050 ut
1045 1987 1210 2058 obliviscar,

292 2070 395 2152 quanti
417 2089 465 2132 me
487 2087 608 2152 semper
627 2069 770 2133 feceritis.
813 2069 886 2142 Que
909 2071 936 2132 si
956 2087 1012 2133 uos
1034 2073 1120 2153 cepit
1139 2067 1210 2132 obli-

260 2154 362 2229 .vio,
396 2160 447 2216 aut
481 2154 508 2217 si
535 2154 567 2216 in
596 2171 645 2216 mc
667 2153 779 2236 aliquid
800 2153 988 2232 offendistis,
1023 2171 1080 2216 cur
1103 2169 1165 2216 non
1185 2145 1208 2213 ii

239 2311 241 2316 Ι
292 2253 362 2296 meo
384 2236 483 2316 capite
510 2237 610 2320 potius
636 2237 729 2304 luitur
755 2255 844 2318 quarn
874 2234 1020 2300 Milonis?
1069 2234 1209 2300 Preciano

294 2319 374 2382 enim
390 2321 515 2399 uixero,
539 2322 565 2384 si
590 2322 662 2404 quid
684 2320 756 2386 mibi
777 2320 1027 2403 accideritprius‚
1052 2339 1143 2402 quam
1159 2316 1209 2381 boo

231 2423 283 2472 roo
293 2408 405 2466 tuntum
426 2405 496 2466 mali
514 2405 629 2468 videro.
666 2405 752 2470 Nunc
769 2423 816 2468 me
832 2421 891 2468 uua
907 2404 1077 2485 consolatio
1094 2410 1208 2469 susten-

292 2491 344 2563 tat,
366 2487 447 2568 quod
467 2489 532 2564 tibi,
554 2487 587 2552 T.
601 2489 692 2567 Anni,
710 2489 826 2552 nullum
849 2495 866 2549 a
888 2506 937 2550 me
959 2488 1081 2566 amoris,
1103 2486 1208 2550 nullum

292 2570 402 2648 studii,
434 2572 548 2635 nullum
569 2573 689 2654 pietalis
713 2571 843 2635 officium
865 2570 967 2636 defuit.
1022 2570 1090 2653 Ego
1112 2569 1207 2632 iuimi-

291 2655 376 2716 citias
400 2657 565 2736 potentium
588 2672 645 2736 pro
675 2662 706 2718 te
728 2656 875 2736 appetivi,
916 2671 975 2737 ego
1003 2672 1105 2716 meum
1135 2667 1207 2732 sepe

249 2781 252 2790 s
291 2753 404 2818 corpus
434 2745 464 2800 et
490 2739 580 2800 vitam
601 2738 711 2802 *obieci
743 2740 833 2800 armis
864 2739 1053 2800 inimicorum
1086 2743 1207 2810 tuorum,

170 2865 171 2872 κ
291 2837 351 2903 ego
373 2837 422 2882 me
442 2820 579 2904 plurimis
599 2839 656 2903 pro
675 2830 706 2884 le
721 2823 887 2903 supplicem
905 2821 1012 2898 abieci,
1033 2821 1126 2896 bona,
1146 2818 1206 2880 lor-

290 2909 379 2968 tunas
408 2921 491 2968 meas
522 2925 557 2968 ao
579 2907 742 2970 liberorum
765 2923 901 2968 meorum
918 2907 950 2967 in
972 2904 1206 2967 communionem

289 2989 408 3050 tuorum
437 2993 604 3071 temporum
636 2989 767 3064 contuli;
809 2989 869 3052 hoo
895 2987 1025 3069 denique
1055 2989 1123 3069 ipso
1153 2985 1205 3059 die,

288 3071 316 3134 si
340 3089 398 3152 qua
418 3073 464 3136 vis
487 3079 533 3136 est
554 3079 667 3155 parato,
688 3073 714 3136 si
737 3091 794 3154 qua
810 3072 959 3149 dimicatio
981 3072 1086 3152 capitis
1103 3069 1205 3142 lutura,

288 3153 443 3236 deposco,
481 3156 560 3229 Quin
581 3159 640 3219 ianr
663 3157 781 3220 restat?
827 3157 898 3238 quid
919 3155 1028 3232 babeo,
1058 3153 1141 3236 quod
1160 3151 1204 3214 l-

287 3237 390 3302 oium³
427 3255 483 3320 pro
514 3241 573 3303 tuis
595 3242 627 3302 in
648 3258 697 3302 me
718 3240 851 3318 meritis,
883 3240 941 3302 nisi
963 3243 995 3300 ut
1020 3257 1087 3301 eum
1110 3236 1203 3299 foru-

287 3341 377 3402 nam,
389 3337 575 3404 quecunque
587 3325 648 3386 erit
661 3330 722 3402 tuo,
744 3324 849 3392 ducam
864 3322 986 3386 meam?
1011 3321 1081 3386 Non
1099 3321 1202 3394 abnuo,

285 3424 348 3469 non
369 3406 527 3483 recuso4‚
560 3403 677 3488 vosque
707 3407 853 3490 obsecro,
884 3406 1019 3483 iudices,
1053 3413 1088 3469 ut
1108 3409 1202 3468 vestra

284 3488 442 3566 beneficia,
457 3503 532 3572 'qum
553 3490 584 3557 in
607 3509 656 3569 spe
677 3491 854 3569 contulistis,
876 3495 926 3554 aut
949 3491 980 3553 in
999 3489 1089 3554 buius
1110 3488 1200 3552 salute

210 3653 213 3672 Ι
285 3574 421 3659 augeatis
444 3575 548 3638 autin
570 3575 705 3638 eiusdem
726 3575 820 3638 exitio
843 3591 991 3638 occasura
1021 3591 1092 3638 esse
1119 3569 1199 3635 vide·

286 3692 517 3720 uu—-l--an
544 3712 551 3726 ,

324 3771 335 3802 ¹
356 3789 402 3825 oso.
428 3789 468 3826 su.
521 3772 587 3826 ¹b.
607 3799 642 3812 ·-
659 3786 791 3840 nmquam,
810 3773 929 3838 iudices,
955 3770 1028 3824 mibi.
1081 3766 1198 3825 'baben

321 3838 405 3910 [quod
422 3840 529 3909 dicum]
548 3843 736 3911 quotiacum.
773 3843 786 3875 ⁴
806 3843 884 3895 m-
896 3843 953 3896 Non
964 3859 1029 3906 rec,
1048 3853 1101 3894 non
1112 3837 1196 3891 abnuo.
