2490 4316
292 231 346 294 ffb!
639 237 873 296 ORATIO

289 411 355 478 hee
373 409 452 496 agis,
474 429 515 476 ex
535 413 592 477 istu
614 411 788 498 syngrapha
807 412 913 478 deberi
934 412 1005 478 dieil
1024 429 1082 496 pro
1097 413 1131 478 iis
1148 431 1190 477 re-

289 495 366 575 bus,
393 513 461 576 que
483 503 570 560 erant
593 504 662 561 aute
682 497 885 580 syngrapham
905 504 1099 580 recuperate.
1137 499 1190 560 llon

177 651 179 656 ¹
289 581 371 642 enim
395 587 462 643 ate
484 583 565 658 emit,
589 581 645 644 sed
668 584 763 664 prins,
785 599 873 662 quam
895 587 926 645 tu
946 599 1033 644 suum
1054 580 1110 643 sihi
1128 601 1189 644 ven-

289 663 391 741 deres,
414 665 481 746 ipse
502 664 646 747 possedit.
692 665 747 727 llle
768 666 815 727 vir
830 664 902 742 luit;
923 683 980 727 nos
998 665 1190 746 quidemcar-

288 748 460 826 temnendi,
497 748 548 830 qui
573 754 725 810 auctorem
757 749 892 826 odimus,
929 753 994 811 aeta
1017 746 1190 811 defendimus.

174 819 225 894 ³8
242 837 277 887 97
290 830 368 905 Quid
391 847 451 914 ego
481 831 519 895 de
544 832 766 896 commentariis
790 831 929 910 inlicitis,
965 831 1037 913 quid
1061 832 1098 893 de
1117 832 1190 892 innu-

231 943 234 952 ·
287 913 484 978 motabilibus
506 914 717 998 chirographis
738 914 872 997 loquar?
900 931 1030 998 quorum
1051 916 1134 976 eliam
1152 915 1191 975 in-

286 1000 436 1062 ιιίιιιιιιει
464 1006 552 1076 sunt,
577 1000 704 1079 quiea,
726 1005 875 1081 umquam
897 998 1098 1084 gladiatorum
1117 998 1190 1060 libel-

286 1081 344 1159 los,
363 1081 462 1163 palam
485 1081 650 1146 venditent
681 1082 784 1165 ltaque
804 1083 876 1146 tanti
898 1083 1001 1146 noemi
1023 1097 1190 1144 nummomm

284 1157 365 1247 hpud
387 1165 478 1227 istum
499 1171 723 1244 construuntur,
743 1171 777 1228 ιιι
795 1166 854 1228 iam
875 1165 1083 1248 appendantur
1092 1165 1118 1242 ²,
1143 1180 1189 1226 non

283 1256 478 1320 numerentur
506 1250 652 1332 pecunie.
698 1249 739 1313 At
767 1267 855 1332 qnam
883 1267 964 1312 ceca
991 1250 1114 1311 avaritia
1142 1244 1189 1308 estl

281 1325 410 1414 lldper³
436 1331 496 1395 lina
518 1331 618 1395 tabula
638 1339 701 1409 est,
725 1351 785 1414 qua
807 1333 943 1396 civitates
965 1332 1190 1414 locupletissime

121 1426 125 1438 ‘
186 1445 191 1455 ,
282 1414 473 1478 Cretensium
495 1417 661 1480 liberantur
681 1417 889 1498 statuiturque,
916 1433 958 1478 ne
977 1423 1049 1498 post
1070 1415 1106 1478 ll.
1126 1414 1189 1476 ltm-

282 1505 344 1563 tum
367 1500 583 1581 proconsulem
617 1502 658 1563 sit
691 1499 780 1562 Creta
811 1500 979 1582 prouincia.
1026 1499 1072 1562 lu
1100 1496 1189 1560 mentis

279 1579 322 1646 es
339 1584 491 1664 compos?
536 1589 568 1646 tu
599 1601 661 1646 non
685 1583 962 1664 constringendus?
1001 1581 1056 1645 =An
1080 1579 1188 1644 Cesaris

282 1667 406 1730 decreto
429 1664 519 1730 Creta
538 1673 608 1748 post
629 1666 667 1737 ll.
689 1665 772 1729 Bruti
789 1666 946 1730 decessum
963 1667 1063 1748 potuit
1076 1662 1187 1736 liberari,

281 1767 372 1832 qunm
394 1747 484 1813 Creta
506 1749 580 1812 nihil
598 1750 636 1813 ad
651 1749 773 1813 Brutum
792 1749 913 1813 Caesare
929 1751 999 1812 vivo
1017 1744 1187 1830 pertineret?

280 1833 320 1895 Αι
340 1833 428 1896 huius
452 1833 624 1896 venditione
648 1834 762 1896 decreti
786 1832 840 1914 (ne
863 1833 938 1896 nihil
961 1828 1186 1916 aclunqmtetls)

279 1917 465 2000 provinciam
488 1915 606 1979 Cretam
629 1916 812 1998 perdidistis.
852 1915 981 1979 Omnino
1000 1934 1092 1978 nemo
1114 1914 1185 1977 ullus

233 2001 325 2066 cerei
344 1998 401 2062 fuit
421 2006 548 2082 emptor,
572 2001 621 2063 oui
640 1999 771 2063 deluerit
788 1997 838 2062 hic
858 2000 1005 2064 venditor.
1041 1999 1078 2063 Et
1092 1998 1127 2061 do
1139 2013 1185 2058 ex-

278 2084 394 2148 sulibus
415 2084 526 2166 legem,
549 2101 636 2164 quam
657 2082 758 2162 fixisti,
782 2083 884 2148 Cesar
904 2083 979 2146 tulit.
1013 2083 1128 2147 Nullius
1146 2080 1185 2141 in-

277 2173 379 2230 sector
399 2167 614 2244 calamitatem3
655 2172 768 2230 tantum
791 2185 919 2249 queror,
946 2168 1077 2249 primum
1097 2179 1184 2228 eorum

233 2268 238 2284 ·
275 2250 391 2314 reditus
413 2255 546 2331 aequatos
555 2251 585 2328 ⁴,
612 2267 739 2334 quornm
761 2267 882 2314 oausam
903 2249 1006 2314 Cesar
1027 2247 1184 2314 dissimilem

275 2332 432 2408 iudicarit;
465 2333 575 2397 deinde
596 2336 713 2414 nescio,
734 2351 790 2397 cur
811 2352 873 2397 non
892 2334 1019 2416 reliquis
1043 2334 1120 2397 idern
1139 2329 1183 2392 lri·
1224 2339 1225 2342 ’

274 2418 358 2481 boas.
394 2417 501 2499 Neque
524 2418 602 2480 enim
628 2419 697 2499 plus
719 2435 808 2499 quam
829 2423 891 2481 tres
913 2424 964 2481 ιιιι
986 2424 1126 2500 quattuor
1141 2431 1183 2476 re-

274 2502 352 2583 liqui
377 2507 456 2563 sunt.
505 2500 563 2574 oni
592 2501 684 2564 simili
712 2503 742 2565 in
765 2502 934 2564 calamitate
957 2507 1048 2581 sunt,
1074 2517 1127 2561 cur
1145 2503 1182 2558 tna
1224 2545 1225 2554 ,

273 2585 481 2647 misericordia
503 2581 593 2647 simili
615 2601 684 2648 non‘
697 2584 864 2647 fruuntur?
900 2601 1032 2648 eureos
1054 2583 1140 2645 habes
1158 2580 1181 2640 in

271 2668 341 2746 loco
361 2667 487 2749 patrui?
513 2667 551 2730 de
572 2685 632 2749 qno
654 2668 748 2747 ferre,
769 2687 859 2750 quum
881 2668 920 2732 de
940 2668 1068 2749 reliquis
1089 2665 1181 2737 lenes,

271 2750 395 2814 noluisti
401 2771 411 2829 3
452 2767 540 2833 quem
564 2753 652 2813 etiam
677 2752 716 2815 ad
737 2769 895 2814 censuram
917 2751 1077 2834 petendam
1097 2751 1180 2828 impn-

272 2835 351 2912 listi,
387 2851 514 2916 eamque
537 2836 713 2916 petitionem
743 2836 941 2917 comparasti,
973 2853 1043 2914 que
1065 2841 1095 2896 et
1114 2831 1180 2894 risus

224 2918 422 2982 eahominum
444 2925 474 2980 et
495 2919 635 3000 querelas
659 2925 804 2982 moveret
821 2957 823 2962 ,
838 2917 900 2980 Cur
920 2924 1020 2981 autem
1042 2936 1078 2981 ea
1098 2912 1179 2978 comi·
1223 2941 1224 2991 p

269 3003 310 3064 tia
330 3017 392 3064 non
414 3002 570 3065 habuisti?
613 3020 651 3066 an
674 3003 745 3084 quia
766 3001 1022 3082 tribunusplebis
1044 2999 1177 3066 sinistrum

267 3084 381 3147 tulmen
403 3085 582 3148 nuntiabat?
627 3086 725 3160 Quum
755 3091 808 3148 tua
834 3085 907 3168 quid
930 3085 1077 3161 interest,
1110 3078 1177 3142 nulh

268 3169 403 3248 auspicia
431 3175 519 3246 sunt,
565 3187 656 3250 quum
684 3175 832 3246 brorum‚·
864 3176 926 3231 tum
954 3167 991 3230 fis
1019 3165 1176 3248 religiosus.

227 3255 231 3290 ³
268 3250 372 3325 Quid?
415 3251 544 3315 eundem
571 3253 602 3316 in
630 3253 844 3338 septemviram
874 3269 977 3314 nonne
1008 3241 1176 3313 doctioristi‘l

267 3335 429 3398 Intervenit
450 3336 541 3412 enim,
571 3337 620 3399 cui
643 3337 785 3413 metuisti,
814 3334 917 3414 oredo,
939 3333 1003 3396 nel
1028 3335 1109 3398 salvo
1130 3346 1174 3389 ea-
1222 3375 1223 3421 q

245 3419 327 3500 pite
350 3437 467 3502 negare
489 3437 551 3482 non
574 3433 693 3502 posses.
739 3418 886 3483 Omnibus
909 3436 978 3481 eum
1001 3411 1175 3481 contumeliis

266 3561 495 3576 —0———12-

301 3643 310 3672 ¹
333 3642 399 3694 corat.
418 3611 581 3710 Pantapdtln‘.
599 3671 630 3686 -
653 3647 803 3699 imitatores.
851 3643 1069 3709 2οιιιιιιιιιιιιιιιιτ.
1118 3630 1169 3681 ’El

300 3728 390 3776 nuper.
437 3711 625 3780 linqoinntos.
673 3716 770 3768 ‘cona
791 3737 826 3750 -
844 3711 986 3766 Intervenit
1004 3715 1079 3765 enini·
1113 3700 1170 3771 Qum
1221 3745 1222 3756 ι

269 3782 432 3832 metuisti?
451 3779 564 3847 accedo,
594 3799 637 3835 ne.
674 3791 675 3796 ’
1001 3786 1003 3790 ’
