2468 4318
285 211 337 264 no
587 206 905 266 enarrem.

284 382 340 446 co.
367 378 511 446 oneum
542 379 651 472 consul
680 379 771 446 armis
798 375 914 463 expulit
940 399 979 448 ex
1008 383 1085 449 urbe
1110 385 1188 452 colle·
1218 433 1219 500 1

282 485 353 550 gam
376 463 512 540 snum¹;
546 465 644 526 omnis
672 464 723 526 bic
746 463 832 528 locus
854 467 971 534 acerris
994 467 1149 551 corporum
1169 475 1189 530 et
1218 513 1219 538 ,

213 617 217 630 ‚
282 551 393 614 civium
415 549 564 631 sanguine
583 547 770 612 redundavit.
813 547 972 630 superavit
991 557 1099 632 postea
1114 551 1189 616 Cinna
1218 543 1219 618 l

282 653 350 698 curn
371 630 485 708 llari03
529 638 706 708 tumuere,
742 631 918 698 clarissimis
940 633 1013 698 viris
1036 635 1190 711 interfectis,
1218 687 1219 704 ,

282 719 394 782 lumina
418 716 545 779 civitatis
568 717 714 778 exstincta
737 722 816 782 sunl.
863 713 948 784 Ultus
972 724 1020 782 ert
1050 718 1135 786 buius
1156 720 1191 781 vi-

281 803 388 864 ctorie
410 799 617 862 crudelitatem
645 795 752 880 postea
783 798 865 864 Sulla
872 819 882 874 ;
925 799 967 866 'ne
998 802 1060 868 dici
1092 802 1190 884 quiden

282 901 360 968 opus
380 889 435 960 est,
457 891 567 964 quanta
587 881 792 946 deminutione
811 884 921 948 civium
943 891 974 948 et
994 893 1106 968 quanta
1125 886 1191 950 cala-

281 969 382 1032 mitate
405 967 450 1030 rei
465 966 613 1048 publice.
668 964 819 1030 Dissensit
842 965 881 1029 Μ.
902 966 1038 1050 Lepidus
1061 989 1081 1040 a
1101 969 1191 1034 elaris·

201 1071 204 1082 ·
281 1054 359 1117 simo
381 1052 441 1114 ac²
466 1049 632 1114 fortissimo
658 1051 724 1111 viro
750 1048 785 1122 Q.
802 1048 909 1113 Catulo
916 1071 926 1127 ;
949 1053 1049 1116 attulit
1073 1071 1130 1118 non
1147 1059 1191 1116 uu

281 1137 377 1218 ipsius
400 1135 538 1197 interitus
560 1134 606 1196 rei
628 1132 759 1214 publicae
777 1133 889 1198 luctum
912 1153 1001 1216 quam
1030 1142 1189 1201 ceterorum

233 1227 270 1275 as
281 1219 380 1300 mque
399 1218 457 1281 ille
476 1224 574 1278 tamen
584 1234 689 1280 omnes
705 1215 911 1282 dissensiones
928 1225 1014 1284 arant
1030 1219 1191 1292 eiusmodi,

282 1303 433 1378 Quirites,
455 1317 522 1380 que
544 1317 604 1361 non
627 1299 665 1365 ad
687 1299 866 1378 delendam,
888 1302 944 1366 sod
962 1302 1000 1368 ad
1021 1309 1191 1370 commutan-
1218 1355 1219 1366 ,

268 1382 348 1468 ,Ὀωῐι
369 1403 434 1447 rem
456 1383 606 1465 publicam
625 1384 813 1470 pertinerent
820 1403 830 1460 ;
864 1402 925 1448 non
943 1386 986 1450 illi
1009 1386 1122 1456 nullam
1139 1401 1190 1447 csso

279 1469 528 1556 rempublicam,
559 1467 614 1529 sed
640 1467 671 1529 iu
692 1484 739 1544 ee,
766 1475 945 1548 quorsus,
969 1487 1004 1534 se
1028 1489 1100 1536 esse
1122 1470 1190 1552 prin-

278 1555 375 1635 cipes,
398 1569 498 1632 neque
522 1551 600 1614 hanc
620 1550 726 1613 urbem
748 1551 948 1633 conflagrare,
970 1554 1025 1620 sed
1052 1573 1088 1616 se
1107 1555 1134 1618 in
1149 1551 1190 1614 buc

278 1638 356 1701 urbe
386 1635 498 1698 llorere
528 1634 697 1696 voluerunt.
741 1632 853 1716 [Atque
884 1635 944 1700 ille
974 1643 1075 1704 tamen
1106 1649 1190 1698 omnes

279 1717 497 1796 dissensiones,
519 1736 645 1798 quarum
661 1716 748 1796 nulla
763 1719 887 1784 exitium
908 1721 954 1784 rei
975 1721 1107 1802 publice
1122 1735 1190 1800 pua-

278 1806 358 1872 sivit,
384 1802 533 1866 eiusmodi
557 1801 688 1874 luerunt,
717 1807 750 1864 ut
769 1819 831 1866 non
853 1804 1105 1868 reconciliatione
1129 1819 1190 1864 con-

277 1887 410 1964 cordiae,
446 1885 502 1948 sed
533 1885 741 1950 internecione
765 1886 875 1950 civium
898 1887 1070 1956 diiudicare
1094 1881 1188 1958 sint]⁴

277 1971 310 2034 ln
333 1969 392 2034 hnc
415 1975 513 2032 autom
535 1985 597 2031 unc
619 1974 689 2048 post
712 1967 864 2037 hominum
883 1972 1060 2036 memoriam
1077 1969 1189 2036 maximo

277 2055 550 2134 crudelissimoque
571 2051 671 2129 bello,
709 2052 799 2132 quale
823 2053 934 2118 bellum
960 2055 1044 2120 nulla
1069 2067 1189 2134 umquam

255 2143 259 2150 ‘
277 2138 416 2202 barbaria
441 2155 507 2198 cum
529 2154 584 2198 sua
607 2142 699 2216 gente
721 2137 826 2217 gessit,
851 2155 911 2218 quc
930 2137 1060 2202 inbelle
1080 2135 1189 2201 lexbao

276 2221 334 2284 luit
356 2239 373 2282 a
395 2219 534 2296 Lentulo,
558 2218 707 2292 Catibna,
729 2218 846 2297 Cassio,
872 2219 1008 2304 Cethego
1035 2221 1189 2288 constitute,

276 2311 311 2368 nt
332 2318 448 2378 omnes,
470 2303 522 2384 qui
544 2303 627 2366 salva
649 2303 724 2366 urbe
745 2303 820 2366 salvi
843 2323 913 2366 esse
934 2315 1072 2388 possent,
1095 2306 1123 2367 in
1143 2302 1190 2362 ho·

276 2388 365 2452 stium
390 2403 516 2450 numero
540 2387 730 2459 ducerentur,
761 2387 801 2450 ita
822 2406 871 2450 me
894 2389 988 2470 gessi,
1012 2389 1149 2462 Quirites,
1167 2386 1189 2476 ul

277 2489 383 2538 omnes
406 2471 484 2534 salvi
505 2471 780 2548 conservaremini,
806 2480 853 2548 et,
876 2489 973 2552 quum
987 2472 1091 2537 hostes
1113 2473 1189 2534 vcstn

275 2562 386 2619 tentum
411 2555 520 2620 civium
542 2551 767 2634 superfuturum
788 2557 954 2635 putassent,
976 2563 1117 2636 quantum
1132 2549 1188 2614 ins·
1218 2581 1219 2584 ¹

274 2641 346 2702 nite
369 2639 443 2702 caedi
468 2637 646 2713 restitisset,
679 2642 789 2700 tentum
812 2645 910 2704 eutem
931 2637 1035 2717 urbis,
1062 2643 1188 2722 quantun

274 2721 392 2785 {lamma
416 2721 502 2787 obire
524 2737 585 2785 non
607 2721 766 2801 potuisset,
787 2729 817 2785 et
836 2723 942 2788 urbem
966 2729 996 2786 et
1020 2723 1103 2788 cives
1122 2725 1187 2782 mte-

274 2822 349 2888 gros
373 2805 600 2885 incolumesque
622 2805 766 2867 servavi·

161 2875 207 2966 121
227 2903 263 2955 sc
365 2887 480 2961 Quibus
505 2887 672 2969 protentis
696 2887 806 2964 rebus,
829 2885 980 2968 Quirites,
1005 2889 1119 2954 nullum
1139 2897 1186 2964 ega
1218 2919 1219 2930 κ

274 2971 400 3034 anobis
424 2973 577 3053 premium
607 2971 744 3048 virtutis,
778 2970 893 3034 nullum
921 2973 1041 3056 insigne
1066 2967 1186 3037 honoris,

273 3053 388 3116 nullum
410 3061 633 3118 monumentum
655 3053 752 3118 laudis
782 3055 969 3134 postulabo⁵
1003 3063 1185 3138 preterquam

272 3137 362 3202 buius
387 3137 448 3200 diei
472 3139 646 3202 memoriam
668 3138 889 3219 sempiternam.
945 3139 978 3205 ln
1012 3141 1116 3204 animis
1136 3147 1183 3214 ega

271 3221 381 3284 vestris
414 3237 519 3286 omnes
549 3221 716 3302 triumphos
745 3238 849 3297 meos,
894 3224 994 3290 omnia
1027 3221 1184 3288 ornerueala

271 3303 409 3382 bononie,
433 3311 625 3370 monumenta
647 3305 766 3388 glorie,
790 3304 886 3370 laudis
911 3307 1042 3386 insignia
1064 3302 1146 3370 condi
1161 3302 1184 3358 cl

271 3388 416 3450 collocari
449 3389 529 3450 volo.
589 3387 670 3450 Nibil
700 3406 747 3449 me
777 3395 888 3451 mutum
915 3396 1015 3470 polest
1039 3391 1183 3453 delectare,
1218 3393 1219 3408 ¹

267 3467 346 3534 bibil
367 3473 500 3550 tacitum,
519 3471 603 3535 nibil
626 3471 757 3554 denique
782 3473 974 3554 eiusmcdll,
1006 3469 1182 3556 quodetiam

231 3667 235 3676 ,
309 3624 414 3677 tuat.
431 3651 467 3668 *-
484 3642 517 3678 ex
535 3643 562 3678 n.
580 3625 641 3678 coll.
659 3643 680 3678 s.
700 3627 806 3693 expulit.
844 3625 954 3680 'eodm
971 3657 1006 3670 -
1023 3639 1059 3682 et.
1094 3614 1180 3672 'colb

306 3715 340 3730 ·-
358 3693 446 3762 Atque
466 3695 517 3748 illa·
537 3697 647 3748 dieseos.
674 3693 761 3760 [erant
783 3697 962 3765 buiuspmdss,
992 3701 1103 3752 cratim
1119 3689 1181 3743 alter

305 3763 478 3882 meggmwto.
507 3765 535 3825 ,⁴
554 3768 619 3818 conl.
639 3790 674 3806 -·
693 3769 747 3818 sine
766 3769 849 3820 oecis.
890 3770 1036 3874 {postulo
1074 3762 1178 3818 “buius-
