2546 4310
223 231 229 240 .
284 187 319 238 ω
629 177 864 260 cusano

285 371 370 432 rum,
395 353 446 437 qui
467 351 538 416 lruic
559 351 727 418 obtrectant
745 353 809 438 legi
829 360 919 437 atque
940 373 1055 435 cause,
1072 357 1124 430 „In
1144 356 1202 420 Lu-

149 458 151 470 ’
200 439 398 525 gancullum
420 437 557 501 similiter
578 454 619 498 en
638 437 698 500 hoc
719 438 788 501 loco
810 455 881 502 esse
901 439 1060 503 laudatam.
1093 441 1203 522 llequi-

287 530 370 586 retur
387 520 518 584 fortasse
539 537 636 597 nunc,
667 521 935 602 quomadmodum,
966 541 1059 604 quam
1080 524 1147 586 haeo
1170 526 1204 586 ita

288 607 357 684 sint,
378 605 527 685 reliquum
541 605 639 685 possit
653 622 793 688 magnum
811 607 897 668 esse¹
922 603 1043 670 bellum.
1081 607 1205 691 Cogno-

288 689 375 766 scite,
391 687 540 762 Quirites3
561 703 624 750 non
641 689 720 750 enim
731 689 790 751 lioc
801 689 867 751 sine
879 707 970 752 causa
980 692 1074 772 queri
1085 692 1206 754 videtur.

287 773 419 836 Primum
448 787 488 832 ex
518 787 574 834 suo
603 788 702 854 regno
722 773 767 835 sic
786 771 971 836 Mithridates
992 773 1149 857 profugit,
1179 779 1206 834 ut

288 875 329 920 ex
350 853 457 917 eodem
478 853 573 918 Ponto
594 853 700 918 Medea
720 855 772 918 illa
794 856 944 937 quondam
963 857 1144 940 profugisse
1164 857 1206 918 di·
1248 877 1249 920 l

290 940 377 1016 citur,
400 951 489 1018 ιῐιιιιιιι
511 935 674 1020 predicant
696 939 727 1001 in
746 936 819 1022 fuga
840 938 942 1002 fratris
963 941 1010 1003 sui
1027 941 1164 1003 membra
1180 941 1206 1000 io
1248 977 1249 1016 ι

289 1024 328 1086 iis
351 1020 438 1098 locis,
470 1039 529 1102 qua
551 1038 586 1086 se
608 1039 720 1103 parens
739 1029 983 1104 persequeretur,
1006 1023 1206 1106 dissipavisse,
1248 1019 1249 1106 ζ

289 1112 323 1170 ut
347 1121 452 1168 eorum
477 1105 617 1167 collectio
641 1102 778 1187 dispersa
795 1123 977 1187 moerorque
995 1109 1113 1188 patrius
1130 1106 1207 1168 cele-

290 1191 408 1253 ritatem
428 1187 632 1270 persequendi
653 1189 828 1252 retardaret
875 1188 926 1254 Sic
951 1189 1141 1254 Mithridates
1162 1188 1207 1250 i-

262 1273 379 1356 .giens
408 1271 565 1335 maximam
592 1273 653 1334 vim
681 1273 746 1336 auri
775 1279 865 1355 atque
893 1275 1010 1356 argenti
1038 1273 1208 1355 pulcherri-

290 1373 466 1437 marumque
486 1373 588 1418 rerum
608 1357 751 1435 omnium,
783 1375 858 1439 quas
882 1364 913 1421 et
935 1376 951 1420 a
971 1357 1148 1422 maioribus.
1161 1373 1207 1418 ac-

292 1445 415 1522 ceperat
448 1445 479 1504 et
507 1437 575 1522 ipse
605 1437 686 1502 bello
709 1441 867 1522 superiore
888 1457 927 1502 ex
947 1446 1008 1504 tcta
1029 1440 1107 1504 Asia
1134 1441 1208 1504 dire-

290 1529 357 1607 ptas
379 1524 519 1587 insuam
542 1540 670 1606 regnum
693 1529 898 1608 congesserat,
920 1525 951 1586 in
975 1524 1072 1586 Ponto
1099 1538 1207 1588 omnen

291 1607 422 1689 reliquit.
466 1606 537 1670 llaec
565 1607 635 1669 dum
663 1608 758 1670 nostri
787 1607 933 1690 colligunt
958 1609 1058 1669 omnia
1083 1609 1208 1690 diligen-

291 1695 363 1768 tius,
385 1707 442 1752 rex
464 1691 532 1772 ipse
553 1707 572 1752 e
592 1690 730 1752 manibus
748 1689 863 1772 effugit.
895 1691 939 1753 lta
956 1689 1039 1752 illum
1057 1691 1090 1754 in
1108 1705 1208 1774 perse-

246 1773 405 1858 ooquendi
427 1773 525 1836 studio
547 1789 686 1846 moeror,
719 1773 776 1835 hos
797 1775 898 1837 letitia
918 1774 1086 1846 tardavitt.
1134 1773 1208 1835 lluno

292 1859 324 1922 in
344 1855 397 1918 illo
414 1856 522 1918 timore
538 1861 570 1918 et
582 1853 657 1936 fuga
672 1855 830 1938 Tigranes,
851 1875 908 1920 rex
923 1857 1098 1930 Armenius,
1123 1871 1209 1918 exce-

292 1942 336 2024 pit
358 1938 601 2020 diffidentemque
622 1939 714 2002 rebus
735 1941 799 2003 suis
823 1940 1008 2004 confirmavit
1021 1948 1053 2004 et
1075 1941 1208 2003 afflictum

293 2023 392 2088 erexit
411 2021 621 2104 perditumque
635 2025 795 2086 recreavit.
830 2022 922 2089 Cuius
939 2025 970 2086 iu
984 2041 1114 2106 regnum
1129 2026 1208 2106 post-

294 2125 420 2187 eaquam
444 2104 477 2166 L.
492 2104 635 2168 Lucullus
658 2124 725 2169 oum
740 2108 875 2170 exercitu
889 2108 980 2185 venit,
1003 2107 1109 2188 plures
1129 2106 1208 2168 etiam

294 2195 401 2272 gentes
425 2195 530 2252 contra
551 2189 761 2270 imperatorem
791 2195 927 2254 nostrum
955 2192 1112 2254 concitatae
1141 2190 1208 2253 suot

293 2273 365 2336 Erat
386 2272 464 2335 enim
486 2279 582 2336 metus
606 2273 733 2337 iniectus
754 2274 792 2338 iis
815 2274 995 2351 nationibus,
1028 2293 1105 2356 quas
1129 2288 1209 2336 num·
1248 2285 1249 2306 ι

294 2374 384 2438 quam
403 2357 534 2440 populus
554 2355 706 2422 Romanus
726 2375 826 2439 neque
849 2357 1043 2428 lacessendas
1060 2358 1143 2421 bollo
1159 2369 1208 2416 ne-

295 2458 355 2522 que
384 2439 542 2503 tentandas
573 2441 696 2521 putavit.
750 2440 822 2503 Erat
844 2441 933 2503 etiam
954 2439 1011 2503 alia
1042 2442 1146 2523 gravis
1169 2441 1209 2498 al-

296 2541 355 2606 que
375 2524 539 2594 vehemens
562 2524 683 2606 opinio,
726 2541 793 2606 que
813 2525 954 2586 animosl
987 2524 1121 2606 gentium
1144 2523 1208 2584 bar-

295 2607 434 2691 bararum
457 2612 642 2688 pervaserat,
663 2605 725 2670 fani
748 2607 975 2689 locupletissimi
993 2613 1023 2670 et
1042 2600 1208 2692 religiosis-

296 2691 363 2753 simi
380 2690 539 2771 diripiendi
556 2707 648 2753 oausa
671 2691 702 2753 in
719 2708 771 2752 eas
793 2707 863 2753 oras
884 2697 1019 2754 nostrum
1035 2709 1106 2754 esse
1125 2703 1208 2752 exer-

169 2829 174 2843 ,
263 2827 264 2832 ,
296 2775 405 2836 citum⁴
430 2772 598 2836 adductum.
645 2773 687 2836 lla
710 2775 848 2837 nationes
871 2775 1080 2855 multamque
1103 2785 1207 2854 magne
1248 2851 1249 2854 Ἴ

295 2873 376 2920 novo
405 2856 535 2939 quodam
557 2863 678 2918 terrore
705 2874 742 2918 oc
766 2865 848 2920 melu
872 2858 1107 2921 concitabantur.
1151 2853 1208 2917 No·
1248 2865 1249 2874 ³

296 2945 361 3002 ster
382 2948 479 3004 autem
502 2940 672 3018 exercitus,
706 2942 851 3004 tametsi⁶
887 2941 992 3004 urbem
1017 2960 1057 3003 ex
1080 2935 1207 3024 Tigranis

295 3039 393 3106 regno
412 3030 534 3104 ceperat
553 3030 584 3086 et
605 3023 732 3104 procliis
754 3043 827 3088 usus
852 3029 916 3087 erat
934 3024 1088 3103 secundis,
1120 3031 1207 3086 tamen

295 3106 388 3170 nimia
423 3107 642 3190 longinquitate
673 3107 810 3170 locorum
842 3127 878 3171 ac
910 3101 1062 3171 desiderio
1096 3117 1206 3172 suorum

252 3191 549 3258 recommovebatur.
594 3190 650 3252 llio
671 3191 730 3252 iam
749 3191 836 3272 plura
849 3209 912 3254 non
929 3191 1044 3268 dicam3
1069 3191 1124 3254 luit
1139 3187 1206 3279 enim

298 3273 372 3338 illud
401 3279 583 3350 extremum,
617 3279 650 3335 ut
681 3275 779 3336 exiis
804 3275 880 3337 locis
904 3294 921 3337 a
944 3275 1087 3338 militibus
1107 3278 1207 3337 nostru

295 3357 410 3420 reditus
432 3375 479 3418 ma
503 3357 528 3418 is
552 3361 684 3422 maturus
708 3377 797 3439 quam
819 3359 977 3439 processio
996 3359 1118 3442 longior
1132 3369 1206 3438 que·

296 3447 424 3503 reretur.
497 3439 652 3506 itbridates
667 3445 766 3503 autem
783 3447 813 3503 et
832 3459 916 3504 suam
933 3460 1051 3506 manum
1066 3443 1123 3504 iarn
1140 3453 1207 3500 con-

297 3522 438 3602 llrmarat,
466 3527 524 3602 [et]
549 3540 654 3586 eorum
667 3525 695 3604 ⁶,
717 3526 777 3608 ¹qui
795 3541 831 3588 se
852 3543 892 3587 ex
913 3527 979 3589 eius
1001 3542 1099 3608 regno
1120 3519 1204 3586 colle*
1248 3591 1249 3616 χ

299 3623 530 3638 ηιμ-ιιι...-

339 3657 349 3687 ¹
370 3657 402 3708 E.
416 3683 452 3700 ³—-
469 3673 528 3710 csso
549 3671 680 3724 magnum.
717 3657 730 3690 ²
749 3659 781 3710 ld.
799 3684 835 3698 -
852 3661 1001 3713 retardavit.
1038 3661 1051 3692 ³
1070 3659 1101 3713 E.
1118 3685 1151 3694 -
1167 3665 1206 3721 par

228 3761 236 3776 .
335 3729 444 3778 animos.
500 3723 567 3777 4Ε.
593 3749 628 3762 -·
653 3741 739 3778 exero.
764 3744 832 3780 esse.
888 3731 900 3762 ⁵
929 3731 960 3783 E.
991 3729 1074 3783 Scluat.
1103 3757 1135 3770 -
1159 3722 1204 3778 etti·

340 3795 351 3826 ⁵
372 3798 436 3848 coni.
454 3791 585 3848 Mastitai.
603 3819 638 3860 -7
657 3805 683 3847 ct
699 3797 755 3850 stne
772 3800 853 3851 ιιιισίε.
1224 3819 1227 3826 ·
