2546 4310
180 257 392 319 PROSEX.
430 257 612 314 Roscio
634 256 867 313 AMERlNO.
952 257 986 308 11

67 431 288 512 vulneraretur,
327 433 375 497 vir
413 429 619 500 sanctissimus
655 435 744 513 atque
780 429 988 495 ornatissimus
1073 439 1075 449 ⁴

67 523 175 580 nostrae
207 516 335 580 civitatis
370 515 422 599 (de
456 516 541 578 cuius
568 514 662 577 iaude
692 532 792 596 neque
820 515 870 577 hic
901 515 988 578 iocus

68 607 112 663 est
131 606 164 662 ut
182 601 277 664 multa
299 601 447 678 dicantur,
470 615 572 680 neque
596 598 806 680 pluramnen
827 599 885 661 diei
910 615 989 680 pos-

69 691 151 762 sunt,
205 701 296 765 quam
328 684 468 768 populus
493 682 645 746 Romanus
678 683 825 744 memoria
854 681 989 760 retinet),

70 767 143 830 diem
161 764 319 834 scevolae
348 767 442 845 dixit,
481 771 679 848 posteaquam
695 766 876 850 comperit,
889 789 907 814 s
920 783 990 828 eum

68 867 156 932 posse
176 851 292 914 virere.
339 851 437 926 Quum
459 851 494 912 ab
518 866 555 912 eo
579 856 781 932 quaereretur,
818 851 890 931 quid
904 855 990 912 .tan-

71 937 133 1000 dem
155 941 352 999 accusaturus
372 939 455 998 esset
476 951 564 1012 eum,
594 951 685 1014 quern
707 950 764 1016 pro
787 931 932 1016 dignitate
950 947 991 994 ne

69 1019 188 1083 laudare
221 1019 343 1101 quidem
378 1019 535 1101 quisquam
572 1019 645 1081 satis
681 1017 839 1090 commode
872 1019 991 1100 posset,

46 1104 162 1182 aiunt,
200 1103 374 1180 hominem,
415 1108 449 1164 ut
486 1105 551 1163 erat
582 1099 749 1179 furiosus„
783 1100 992 1184 respondisse,

71 1186 145 1269 quod
171 1191 235 1250 non
263 1192 360 1248 toturn
390 1185 483 1247 telum
511 1201 643 1267 corpore
658 1185 853 1267 ·recepisset.
923 1182 992 1256 Quo

70 1271 192 1352 populus
213 1270 367 1334 Romanus
386 1268 462 1331 nihil
483 1268 557 1332 vidit
580 1267 744 1352 indignius,
773 1268 832 1331 nisi
856 1267 993 1331 eiusdem

70 1353 123 1416 viri
142 1361 283 1433 mortem,
305 1369 372 1434 quae
392 1355 507 1419 tentum
531 1352 639 1434 potuit,
661 1360 696 1415 nt
718 1367 823 1415 omnes
848 1348 994 1415 occisus¹

71 1438 228 1519 perdiderit
247 1445 283 1501 ει
308 1436 469 1513 afflixerim
489 1453 566 1517 quos
587 1437 658 1518 quia
679 1454 805 1500 servare
827 1453 885 1518 per
905 1451 995 1498 corn·
1023 1491 1028 1500 ,

73 1522 248 1602 positionem
284 1521 423 1598 volebat,
466 1520 533 1602 ipse
567 1520 603 1581 ab
639 1520 682 1582 iis
709 1521 905 1600 interemptus
937 1523 994 1582 est.

74 1603 157 1668 nme
176 1603 236 1668 hoc
260 1605 306 1670 illi
332 1605 413 1667 dioto
445 1609 534 1684 atque
556 1600 639 1665 facto
667 1598 840 1665 Fimbriano
871 1601 1041 1664 similii-ot

22 1699 24 1708 ¹
73 1688 169 1750 mum?
208 1688 371 1751 Accusatio
400 1685 473 1752 Sex.
502 1685 655 1748 Roscium.
712 1685 791 1760 Quid
813 1683 877 1747 ita?
917 1682 996 1756 Quia
1117 1704 1119 1711 ·

76 1771 264 1836 demonibus
287 1771 398 1852 vestris
426 1769 552 1854 attingit,
597 1768 668 1852 quia
697 1786 732 1833 se
765 1767 864 1831 occidi
884 1781 995 1850 passus

75 1871 130 1918 non
151 1861 203 1918 est.
261 1853 341 1918 lliud
360 1855 432 1939 quia
453 1855 485 1916 in
507 1851 644 1918 scevola
663 1851 776 1916 factum
798 1856 864 1931 est,
898 1850 996 1933 magis

75 1937 222 2023 indignum
253 1937 393 2016 videtum
443 1934 520 2015 hdo,
563 1937 635 2019 quia
665 1935 699 1999 nt
730 1954 748 2000 a
781 1934 998 2018 Chrysogono,

76 2039 139 2084 num
166 2029 213 2086 est
237 2019 450 2089 ferendunt²
502 2019 577 2099 Nam
609 2038 666 2102 per
693 2019 769 2083 deos
800 2017 999 2094 immortalem

77 2105 208 2186 quidest
231 2108 265 2170 in
286 2106 345 2168 irae
367 2121 476 2182 causa,
513 2104 595 2187 quod
624 2103 813 2168 defensionis
837 2098 997 2186 indigeat?

79 2189 124 2270 qui
151 2190 235 2254 locus
266 2190 423 2274 ingenium
449 2189 571 2272 petroni
600 2188 729 2271 requirit
759 2193 810 2250 aut
841 2182 1000 2250 oratoris⁸

79 2272 273 2356 eloquentiam
301 2289 412 2357 magno
437 2289 531 2354 opere
562 2271 740 2336 desiderat?
786 2270 901 2346 Totam
922 2285 1000 2332 oau-

80 2373 156 2437 sam,
185 2357 324 2436 iudices,
358 2358 545 2439 explicemus
568 2360 656 2437 atque
676 2361 744 2419 ante
767 2355 875 2419 oculos
898 2369 1000 2434 expo-

81 2439 157 2503 sitam
178 2439 425 2518 consideremus3
466 2439 508 2502 ita
528 2439 690 2518 facillime,
726 2455 793 2522 quoe
822 2455 874 2502 res
905 2442 1001 2500 totum

82 2521 214 2590 iudicium
233 2526 406 2604 contineat,
440 2529 470 2586 et
501 2522 610 2606 quihus
643 2522 681 2586 de
701 2523 795 2586 rebus
815 2538 874 2585 uos
897 2521 1002 2590 dicere

84 2613 229 2688 oporteat,
262 2615 295 2672 ει
315 2608 387 2691 quid
411 2625 468 2671 ros
492 2607 580 2689 sequi
603 2607 782 2685 conveniat,
813 2602 1002 2688 intelligetis.

84 2687 236 2755 ireseum
257 2697 321 2771 res,
344 2697 485 2776 quantum
509 2708 570 2774 ego
585 2690 758 2752 existimare
775 2705 912 2772 possum,
935 2701 1001 2768 quae
1013 2702 1049 2753 ee
1066 2680 1115 2756 13

85 2771 193 2838 obstent
211 2774 272 2840 hoo
291 2783 429 2858 tempore
453 2773 524 2839 Sex.
547 2773 677 2853 Roscio,
711 2773 826 2836 crimen
854 2772 1002 2834 adversa-

85 2855 188 2936 riorum
212 2867 241 2922 et
263 2860 388 2924 eudocia
416 2865 446 2921 et
474 2860 619 2942 potentia.
668 2855 809 2922 Criminis
840 2854 1003 2920 confictio-¹

86 2954 148 3002 nem
177 2951 337 3008 accusator
368 2942 495 3006 Erucius
530 2935 667 3024 suscepit
674 2961 683 3018 3
729 2941 883 3004 audacie:
899 2943 1002 3021 partes
1034 3007 1037 3022 Ι

87 3019 179 3087 Roscii
205 3027 263 3090 sibi
286 3032 494 3110 poposcerunt
501 3046 511 3104 ;
559 3024 781 3108 Chrysogonus
812 3031 932 3100 autem,
964 3021 1003 3096 ie,

90 3106 133 3184 qui
155 3109 314 3252 plurimum
336 3113 475 3193 potest,
500 3111 635 3192 potentia
665 3115 791 3192 pugnat.
849 3106 1004 3170 Dehisce
1111 3184 1113 3190 Α

91 3193 160 3282 pomi
180 3211 215 3255 us
240 3195 334 3257 rebus
362 3212 410 3260 me
432 3194 536 3258 dicere
558 3199 702 3275 oportere
726 3193 875 3276 intelligo.
924 3186 1050 3262 Quidao

59 3321 63 3330 .
91 3272 172 3352 igtur
195 3277 265 3340 est?
309 3277 378 3342 Non
402 3275 510 3340 eodem
544 3275 635 3340 modo
671 3277 709 3340 de
738 3278 895 3352 omnibus,
932 3272 1003 3334 ideo

93 3356 163 3433 quod
181 3361 276 3442 prima
297 3362 350 3425 ilia
369 3378 421 3423 res
444 3361 483 3424 ad
501 3379 600 3424 mcum
618 3359 751 3424 officinm
764 3360 905 3442 pertinet,
928 3356 1004 3418 dues

94 3443 179 3503 numm
211 3446 344 3528 reliquas
381 3445 470 3508 vohis
501 3445 632 3527 populus
665 3444 816 3508 Romanus
850 3437 1004 3523 imposuit.

93 3515 149 3602 Ego
164 3528 275 3592 crimen
293 3533 413 3612 oportet
430 3529 558 3606 diluam3
582 3548 638 3594 ros
658 3536 688 3592 et
703 3528 837 3591 audaciae
857 3525 1005 3602 resistere

95 3608 120 3664 tt
136 3605 281 3675 hominurn
308 3611 457 3678 eiusmodi
479 3615 683 3696 perniciosam
713 3619 802 3694 atque
832 3607 1004 3691 intoleran-

96 3730 309 3755 '‘Q—unm-

128 3795 253 3898 {teodd
273 3823 415 3862 -omnes
441 3808 514 3862 cives
541 3799 612 3862 suos.
673 3809 686 3840 ²
713 3823 764 3861 non
790 3811 831 3858 est
855 3803 1002 3859 terendum.

157 3879 273 3932 oracionis
293 3895 381 3932 errore
399 3889 496 3949 tppppr.
