2546 4310
289 257 329 306 12
634 250 874 308 obsuto

287 422 355 486 darn
375 423 541 508 potentiam
571 422 670 506 prlmo
700 441 823 510 quoque
850 431 988 509 tempore
1018 427 1216 514 exstinguere

287 513 379 589 atqua
400 509 573 591 opprimere
595 507 722 571 debetis.
870 537 872 544 r
1090 573 1094 580 ,

240 606 276 656 ar
370 591 527 656 Occidissc
554 599 670 674 patrem
692 590 762 655 Sere
785 588 913 656 Roscius
940 595 1086 679 arguitur.
1142 594 1215 660 Sce-

286 680 413 755 lesum,
446 675 488 739 dii
519 675 723 751 immortales,
755 691 791 738 ac
813 674 962 740 nefarium
984 678 1108 742 facinus
1130 685 1215 760 atque

285 760 453 839 eiusmodi,
486 776 547 841 quo
577 777 640 822 uno
673 757 822 821 maleficio
850 761 969 826 scelera
1000 763 1104 825 omnia
1130 779 1214 824 com-

284 848 377 930 plexa
399 861 468 908 esse
489 844 656 907 videantur.
702 841 818 904 Etenim
841 843 880 922 si,
904 844 935 908 id
959 845 1041 927 quod
1066 845 1214 927 praeclare

284 949 303 993 a
332 927 519 1011 sapientibus
554 927 681 1006 dicitur,
722 925 805 988 vultu
838 944 920 1008 saepc
951 929 1073 993 laeditur
1105 929 1213 1011 pietas,

285 1012 368 1095 quod
391 1011 570 1096 supplicium
600 1012 672 1075 satis
693 1027 765 1072 acre
787 1011 958 1091 reperietur
982 1013 1014 1075 in
1038 1031 1133 1091 cum,
1165 1012 1212 1092 qui

284 1101 412 1160 mortem
438 1095 582 1158 obtulerit
602 1095 737 1177 parenti,
770 1109 827 1175 pro
852 1111 913 1175 quo
934 1097 1013 1158 mori
1032 1096 1155 1179 ipsum,
1188 1095 1212 1156 si

282 1197 334 1242 res
355 1179 531 1261 postularet,
562 1180 629 1242 iura
651 1177 752 1240 divina
774 1183 863 1258 atque
886 1177 1015 1242 humana
1036 1177 1210 1264 cogebant?

236 1264 317 1326 coln
339 1262 399 1324 boo
420 1267 520 1340 tanto,
555 1267 614 1325 tarn
638 1261 753 1339 atroci,
787 1267 847 1323 tam
877 1261 1028 1344 singulari
1050 1262 1210 1337 maleficio,

282 1345 365 1428 quod
388 1345 431 1407 ita
455 1363 525 1408 raro
549 1344 682 1423 exstitit,
713 1350 766 1422 ut,
802 1344 829 1407 si
855 1344 979 1426 ¹quando
1002 1346 1149 1410 auditum-
1163 1346 1208 1421 sit,

279 1429 411 1513 portenti
433 1447 469 1492 ao
487 1429 621 1513 prodigii
650 1428 750 1492 simile
766 1433 966 1506 ‚numeretum
1000 1429 1114 1512 quibus
1143 1435 1208 1492 tan-

280 1513 360 1592 dem,
406 1511 439 1575 0.
467 1513 599 1592 Eruci¹‚
642 1512 827 1596 argumentis
860 1518 1069 1576 accusatorem
1102 1527 1207 1576 censes

279 1596 324 1660 uti
348 1597 517 1678 oportere?
557 1596 665 1661 Nonne
684 1601 714 1659 et
738 1594 891 1659 audaciam
913 1596 990 1675 eius,
1013 1598 1067 1678 qui
1089 1598 1125 1661 in
1147 1595 1205 1658 cri-

277 1687 516 1760 memoretur,
540 1680 735 1764 *singularem
757 1678 920 1742 ostendere
946 1685 977 1742 et
997 1696 1101 1744 mores
1124 1679 1205 1742 ieros

277 1767 499 1846 immanemque
539 1771 676 1827 naturam
713 1768 743 1824 et
779 1763 870 1824 utam
904 1762 984 1826 vitiis
1022 1762 1203 1847 flagitiisque

277 1848 417 1912 omnibus
456 1848 602 1926 deditam,
647 1845 802 1927 denique²
838 1846 940 1909 omnia
971 1846 1009 1910 ad
1038 1847 1202 1927 perniciem

274 1931 439 2078 profligata
467 1936 556 2013 atque
581 1929 721 2014 perdita?
768 1945 896 2011 quorum
918 1935 951 1993 tu
979 1930 1054 1992 nibil
1078 1932 1110 1994 in
1136 1929 1201 1996 Sex.

301 2015 430 2091 oscium,
449 2032 490 2077 ne
511 2014 675 2077 abiiciendi
697 2013 818 2095 quidem
844 2031 946 2092 causa,
969 2014 1139 2078 contulisti.

161 2115 212 2188 14
229 2109 264 2161 aa
358 2098 484 2160 Patrern'
502 2096 613 2160 occidit
628 2096 698 2162 Sex.
713 2096 850 2160 Roscius.
898 2096 956 2171 Qui
971 2096 1091 2162 borno?
1116 2095 1201 2160 Ado-

274 2179 458 2246 lescentulus
481 2187 641 2264 corruptus
669 2188 700 2244 at
728 2181 766 2243 ab
796 2180 967 2245 hominibus
983 2198 1129 2262 'aequm
1152 2180 1199 2242 in-

273 2264 406 2328 ductus?
452 2265 558 2328 Annos
589 2271 677 2328 natus
707 2265 806 2327 maior
827 2265 1026 2349 quadraginta
1035 2265 1060 2326 ⁸.
1108 2263 1198 2326 Vetus

271 2348 417 2411 videlicet
434 2349 572 2427 sicarius,
596 2348 687 2412 bomo
707 2349 806 2411 audax
819 2354 853 2411 ,at
867 2366 948 2432 sepe
970 2350 1002 2412 in
1023 2346 1108 2411 cede
1124 2361 1196 2416 ,vcr-
1250 2345 1251 2381 r

272 2437 367 2496 satus.
413 2432 455 2496 Αι
480 2433 540 2495 hoc
560 2433 597 2495 ab
624 2438 801 2495 accusatore
821 2451 862 2496 ne
885 2432 945 2495 dici
966 2431 1089 2514 quidem
1111 2426 1196 2496 audi-

271 2516 335 2579 stis.
405 2515 557 2580 Luxuries
589 2517 683 2600 igitur
713 2515 866 2579 bominem
899 2517 1040 2580 nimirum
1068 2521 1100 2578 et
1130 2511 1195 2578 aeris

155 2629 158 2636 r
201 2673 204 2680 1
270 2599 363 2663 alieni
394 2600 570 2685 magnitudo
600 2605 631 2663 et
662 2599 815 2664 indomitae
846 2600 937 2663 animi
959 2597 1140 2682 cupiditates
1161 2591 1194 2657 ad
1249 2577 1250 2627 ι

169 2760 174 2766 ¹
245 2683 330 2746 'boc
351 2685 452 2748 scelus
476 2684 668 2766 impulerunt.
722 2683 768 2747 De
803 2683 922 2747 luxuria
952 2683 1094 2766 purgavit
1117 2682 1193 2746 Eru-

268 2767 345 2845 cius,
364 2785 455 2847 quum
476 2768 572 2847 dixit,
605 2767 686 2829 bunc
705 2785 746 2829 ue
766 2768 796 2830 in
823 2768 963 2831 convivio
988 2764 1111 2848 qrridcm
1134 2761 1191 2827 ullo

268 2848 335 2912 fere
358 2849 542 2928 interfuisse.
588 2849 670 2913 Nihil
688 2856 786 2914 autem
808 2869 949 2932 umquam
972 2850 1083 2914 debuit
1131 2845 1190 2910 Cu·
1248 2853 1249 2871 ¹

257 2933 407 3015 *piditates
423 2952 517 3016 porro
536 2952 603 3017 quae
627 2941 755 3015 possunt
778 2953 848 2998 esse
871 2937 902 2998 in
926 2951 975 3013 co,
996 2933 1049 3015 qui
1071 2933 1117 3015 (ut
1130 2933 1189 3012 ipsc

267 3024 428 3094 accusator
456 3018 578 3099 obiecit)
608 3019 672 3080 ruri
700 3036 822 3101 semper
849 3019 989 3081 habitarit
1009 3023 1040 3079 et
1062 3018 1095 3080 in
1118 3026 1187 3098 agr⁰
1247 3065 1248 3088 ι

266 3098 397 3163 colendo
421 3103 549 3178 vixerit,
588 3119 654 3185 quae
675 3103 735 3165 vita
759 3102 889 3165 maxime
911 3103 1081 3166 diiunctae
1104 3096 1187 3178 cupi·
1247 3089 1248 3115 ¹

32 3232 37 3242 ,
218 3185 358 3250 toditate
382 3191 431 3247 est
453 3191 483 3247 et
507 3204 575 3247 curn
596 3184 698 3247 cilicio
721 3187 906 3250 coniuncta?
932 3186 1006 3259 Qua
1028 3201 1081 3248 res
1100 3184 1187 3267 igitur
1246 3255 1247 3258 Ἴ

265 3273 379 3331 tantum
401 3269 489 3332 istum
514 3268 649 3331 furorem
677 3267 747 3333 Sex.
774 3269 885 3332 Roscio
918 3266 1054 3332 obiecit?
1099 3261 1185 3337 Patri,
1246 3267 1247 3359 l

262 3351 369 3432 in'quit,
390 3370 452 3419 non
474 3352 622 3434 placebat.
671 3352 791 3435 Quam-4
814 3354 853 3416 ob
879 3352 1027 3416 causam?
1061 3359 1184 3442 necesse
1236 3349 1246 3438 J

262 3441 309 3498 est
330 3436 421 3512 enim,
443 3455 509 3499 earn
532 3453 653 3518 quoquc
674 3437 781 3500 iustam
804 3441 834 3498 et
854 3455 994 3520 magnam
1014 3439 1044 3498 et
1066 3449 1183 3518 perspr·
1241 3452 1246 3492 ι

261 3536 348 3581 cuam
369 3519 474 3583 luisse.
521 3507 597 3583 Naxi
619 3526 652 3582 ut
675 3520 750 3583 illud
770 3521 948 3584 incredibile
970 3526 1033 3598 est,
1062 3525 1182 3582 mortens

261 3601 390 3666 oblatam
415 3621 485 3668 asse
505 3603 583 3688 patri
605 3622 623 3667 a
643 3602 706 3667 filio
732 3607 800 3670 sine
826 3605 966 3687 plurimis
995 3610 1027 3667 ct
1050 3597 1181 3668 maximis

263 3701 494 3718 ——n-—-

297 3736 308 3769 ¹
328 3741 394 3793 coni.
411 3768 447 3781 —
462 3743 568 3796 tandem
580 3751 616 3809 te,
636 3741 669 3806 0.
677 3733 765 3796 Eruci.
818 3735 832 3770 ²
850 3737 916 3790 cont.
933 3737 1019 3789 bamb.
1043 3761 1076 3771 -
1098 3749 1126 3794 et
1138 3737 1181 3790 dc-

292 3808 381 3877 niquc·
436 3815 451 3883 ’λ
468 3813 550 3866 Annis
573 3815 657 3867 maior·
682 3813 861 3882 quadraginta.
924 3808 989 3860 *cc
1013 3821 1065 3858 atto
1092 3812 1144 3865 cod.
1161 3811 1181 3857 tl

293 3879 331 3930 od.
348 3889 396 3932 cet.
417 3909 449 3920 —-
468 3883 597 3951 placebat.
614 3959 618 3962 -
633 3885 702 3938 Patri
720 3881 933 3951 conplacebat?
959 3893 1044 3947 quam.

1238 4175 1243 4280 l
