<?xml version="1.0" encoding="UTF-8"?>
<!DOCTYPE html PUBLIC "-//W3C//DTD XHTML 1.0 Transitional//EN"
    "http://www.w3.org/TR/xhtml1/DTD/xhtml1-transitional.dtd">
<html xmlns="http://www.w3.org/1999/xhtml" xml:lang="en" lang="en">
 <head>
  <title>
</title>
<meta http-equiv="Content-Type" content="text/html;charset=utf-8" />
  <meta name='ocr-system' content='tesseract 3.04.00' />
  <meta name='ocr-capabilities' content='ocr_page ocr_carea ocr_par ocr_line ocrx_word'/>
</head>
<body>
  <div class='ocr_page' id='page_1' title='image "./orationesselect00madvgoog_0312.png"; bbox 0 0 2490 4316; ppageno 0'>
   <div class='ocr_carea' id='block_1_1' title="bbox 372 234 1027 304">
    <p class='ocr_par' dir='ltr' id='par_1_1' title="bbox 372 234 1027 304">
     <span class='ocr_line' id='line_1_1' title="bbox 372 234 1027 304; baseline 0 -12"><span class='ocrx_word' id='word_1_1' title='bbox 372 237 524 304; x_wconf 28' lang='lat' dir='ltr'><strong>buoso.</strong></span> <span class='ocrx_word' id='word_1_2' title='bbox 550 235 758 293; x_wconf 75' lang='lat' dir='ltr'><strong>biennio.</strong></span> <span class='ocrx_word' id='word_1_3' title='bbox 887 283 891 292; x_wconf 83' lang='lat'>.</span> <span class='ocrx_word' id='word_1_4' title='bbox 924 234 928 241; x_wconf 82' lang='lat'><em>&#39;</em></span> <span class='ocrx_word' id='word_1_5' title='bbox 977 243 1027 292; x_wconf 81' lang='lat' dir='ltr'><strong>leo</strong></span> 
     </span>
    </p>
   </div>
   <div class='ocr_carea' id='block_1_2' title="bbox 13 407 1202 2911">
    <p class='ocr_par' dir='ltr' id='par_1_2' title="bbox 99 407 1025 492">
     <span class='ocr_line' id='line_1_2' title="bbox 99 407 1025 492; baseline -0.001 -19"><span class='ocrx_word' id='word_1_6' title='bbox 99 409 202 489; x_wconf 87' lang='lat' dir='ltr'><strong>animi,</strong></span> <span class='ocrx_word' id='word_1_7' title='bbox 225 409 366 492; x_wconf 87' lang='lat' dir='ltr'><strong>quoniam</strong></span> <span class='ocrx_word' id='word_1_8' title='bbox 388 409 476 470; x_wconf 83' lang='lat' dir='ltr'><strong>etium</strong></span> <span class='ocrx_word' id='word_1_9' title='bbox 490 407 607 491; x_wconf 83' lang='lat' dir='ltr'><strong>ingenii</strong></span> <span class='ocrx_word' id='word_1_10' title='bbox 624 409 678 487; x_wconf 91' lang='lat' dir='ltr'><strong>tui,</strong></span> <span class='ocrx_word' id='word_1_11' title='bbox 700 413 730 470; x_wconf 93' lang='lat' dir='ltr'><strong>te</strong></span> <span class='ocrx_word' id='word_1_12' title='bbox 745 407 857 490; x_wconf 84' lang='lat' dir='ltr'><strong>aliquid</strong></span> <span class='ocrx_word' id='word_1_13' title='bbox 880 407 918 472; x_wconf 90' lang='lat' dir='ltr'><strong>de</strong></span> <span class='ocrx_word' id='word_1_14' title='bbox 937 408 1025 472; x_wconf 88' lang='lat' dir='ltr'><strong>buius</strong></span> 
     </span>
    </p>

    <p class='ocr_par' dir='ltr' id='par_1_3' title="bbox 86 475 1119 1578">
     <span class='ocr_line' id='line_1_3' title="bbox 97 475 1025 575; baseline -0.003 -19"><span class='ocrx_word' id='word_1_15' title='bbox 97 495 154 556; x_wconf 91' lang='lat' dir='ltr'><strong>illo</strong></span> <span class='ocrx_word' id='word_1_16' title='bbox 185 495 347 575; x_wconf 77' lang='lat' dir='ltr'><strong>questorio</strong></span> <span class='ocrx_word' id='word_1_17' title='bbox 379 491 527 570; x_wconf 79' lang='lat' dir='ltr'><strong>offici01,</strong></span> <span class='ocrx_word' id='word_1_18' title='bbox 558 493 647 568; x_wconf 80' lang='lat' dir='ltr'><strong>etiam</strong></span> <span class='ocrx_word' id='word_1_19' title='bbox 679 475 716 554; x_wconf 73' lang='lat' dir='ltr'><strong>tie</strong></span> <span class='ocrx_word' id='word_1_20' title='bbox 746 493 813 554; x_wconf 88' lang='lat' dir='ltr'><strong>aliis</strong></span> <span class='ocrx_word' id='word_1_21' title='bbox 846 493 1025 574; x_wconf 86' lang='lat' dir='ltr'><strong>quibusdam</strong></span> 
     </span>
     <span class='ocr_line' id='line_1_4' title="bbox 97 576 1069 659; baseline -0.003 -21"><span class='ocrx_word' id='word_1_22' title='bbox 97 576 299 659; x_wconf 66' lang='lat' dir='ltr'><strong>quaestoribus</strong></span> <span class='ocrx_word' id='word_1_23' title='bbox 322 576 575 653; x_wconf 82' lang='lat' dir='ltr'><strong>reminiscentem,</strong></span> <span class='ocrx_word' id='word_1_24' title='bbox 596 577 760 638; x_wconf 85' lang='lat' dir='ltr'><strong>reeordari.</strong></span> <span class='ocrx_word' id='word_1_25' title='bbox 803 577 858 638; x_wconf 82' lang='lat' dir='ltr'><strong>Hio&#39;</strong></span> <span class='ocrx_word' id='word_1_26' title='bbox 880 576 1069 658; x_wconf 62' lang='lat' dir='ltr'><strong>igitur‘tae</strong></span> 
     </span>
     <span class='ocr_line' id='line_1_5' title="bbox 93 659 1023 744; baseline -0.002 -22"><span class='ocrx_word' id='word_1_27' title='bbox 93 661 247 744; x_wconf 81' lang='lat' dir='ltr'><strong>Ligarius,</strong></span> <span class='ocrx_word' id='word_1_28' title='bbox 281 661 332 742; x_wconf 91' lang='lat' dir='ltr'><strong>qui</strong></span> <span class='ocrx_word' id='word_1_29' title='bbox 355 665 418 720; x_wconf 93' lang='lat' dir='ltr'><strong>tum</strong></span> <span class='ocrx_word' id='word_1_30' title='bbox 439 659 513 720; x_wconf 92' lang='lat' dir='ltr'><strong>nihil</strong></span> <span class='ocrx_word' id='word_1_31' title='bbox 536 661 599 744; x_wconf 87' lang='lat' dir='ltr'><strong>egit</strong></span> <span class='ocrx_word' id='word_1_32' title='bbox 620 659 701 721; x_wconf 88' lang='lat' dir='ltr'><strong>aliud</strong></span> <span class='ocrx_word' id='word_1_33' title='bbox 723 660 834 741; x_wconf 88' lang='lat' dir='ltr'><strong>(neque</strong></span> <span class='ocrx_word' id='word_1_34' title='bbox 857 661 936 720; x_wconf 90' lang='lat' dir='ltr'><strong>enim</strong></span> <span class='ocrx_word' id='word_1_35' title='bbox 959 659 1023 721; x_wconf 86' lang='lat' dir='ltr'><strong>baee</strong></span> 
     </span>
     <span class='ocr_line' id='line_1_6' title="bbox 95 743 1024 824; baseline -0.002 -18"><span class='ocrx_word' id='word_1_36' title='bbox 95 743 280 824; x_wconf 85' lang='lat' dir='ltr'><strong>divinabat),</strong></span> <span class='ocrx_word' id='word_1_37' title='bbox 313 744 373 805; x_wconf 89' lang='lat' dir='ltr'><strong>nisi</strong></span> <span class='ocrx_word' id='word_1_38' title='bbox 405 748 437 803; x_wconf 91' lang='lat' dir='ltr'><strong>ut</strong></span> <span class='ocrx_word' id='word_1_39' title='bbox 464 743 534 804; x_wconf 64' lang='lat' dir='ltr'><strong>tui2</strong></span> <span class='ocrx_word' id='word_1_40' title='bbox 572 762 640 805; x_wconf 92' lang='lat' dir='ltr'><strong>eum</strong></span> <span class='ocrx_word' id='word_1_41' title='bbox 670 744 835 806; x_wconf 79' lang='lat' dir='ltr'><strong>studiosum</strong></span> <span class='ocrx_word' id='word_1_42' title='bbox 858 748 889 804; x_wconf 88' lang='lat' dir='ltr'><strong>et</strong></span> <span class='ocrx_word' id='word_1_43' title='bbox 911 743 1024 805; x_wconf 91' lang='lat' dir='ltr'><strong>bonum</strong></span> 
     </span>
     <span class='ocr_line' id='line_1_7' title="bbox 93 826 1022 908; baseline -0.001 -19"><span class='ocrx_word' id='word_1_44' title='bbox 93 829 194 889; x_wconf 88' lang='lat' dir='ltr'><strong>virum</strong></span> <span class='ocrx_word' id='word_1_45' title='bbox 216 828 385 904; x_wconf 86' lang='lat' dir='ltr'><strong>iudicares,</strong></span> <span class='ocrx_word' id='word_1_46' title='bbox 420 844 500 887; x_wconf 91' lang='lat' dir='ltr'><strong>nuno</strong></span> <span class='ocrx_word' id='word_1_47' title='bbox 526 845 543 888; x_wconf 88' lang='lat' dir='ltr'><strong>a</strong></span> <span class='ocrx_word' id='word_1_48' title='bbox 567 833 596 888; x_wconf 91' lang='lat' dir='ltr'><strong>te</strong></span> <span class='ocrx_word' id='word_1_49' title='bbox 617 826 748 908; x_wconf 85' lang='lat' dir='ltr'><strong>supplex</strong></span> <span class='ocrx_word' id='word_1_50' title='bbox 769 826 870 889; x_wconf 87' lang='lat' dir='ltr'><strong>fratris</strong></span> <span class='ocrx_word' id='word_1_51' title='bbox 894 826 1022 888; x_wconf 82' lang='lat' dir='ltr'><strong>salutem</strong></span> 
     </span>
     <span class='ocr_line' id='line_1_8' title="bbox 89 909 1052 992; baseline 0.004 -19"><span class='ocrx_word' id='word_1_52' title='bbox 89 913 188 992; x_wconf 80' lang='lat' dir='ltr'><strong>petit3</strong></span> <span class='ocrx_word' id='word_1_53' title='bbox 233 929 320 992; x_wconf 81' lang='lat' dir='ltr'><strong>qrrom</strong></span> <span class='ocrx_word' id='word_1_54' title='bbox 343 909 433 972; x_wconf 92' lang='lat' dir='ltr'><strong>huius</strong></span> <span class='ocrx_word' id='word_1_55' title='bbox 455 909 625 973; x_wconf 84' lang='lat' dir='ltr'><strong>admonitus</strong></span> <span class='ocrx_word' id='word_1_56' title='bbox 648 909 748 972; x_wconf 82' lang='lat' dir='ltr'><strong>officio</strong></span> <span class='ocrx_word' id='word_1_57' title='bbox 774 929 864 991; x_wconf 89' lang='lat' dir='ltr'><strong>quum</strong></span> <span class='ocrx_word' id='word_1_58' title='bbox 885 911 1022 991; x_wconf 86' lang='lat' dir='ltr'><strong>utrisque</strong></span> <span class='ocrx_word' id='word_1_59' title='bbox 1050 974 1052 977; x_wconf 84' lang='grc'><strong>,</strong></span> 
     </span>
     <span class='ocr_line' id='line_1_9' title="bbox 92 993 1021 1076; baseline -0.001 -20"><span class='ocrx_word' id='word_1_60' title='bbox 92 996 143 1056; x_wconf 94' lang='lat' dir='ltr'><strong>his</strong></span> <span class='ocrx_word' id='word_1_61' title='bbox 167 994 298 1071; x_wconf 88' lang='lat' dir='ltr'><strong>dederis,</strong></span> <span class='ocrx_word' id='word_1_62' title='bbox 322 999 384 1054; x_wconf 90' lang='lat' dir='ltr'><strong>tres</strong></span> <span class='ocrx_word' id='word_1_63' title='bbox 406 993 517 1054; x_wconf 84' lang='lat' dir='ltr'><strong>iratres</strong></span> <span class='ocrx_word' id='word_1_64' title='bbox 532 994 661 1075; x_wconf 89' lang='lat' dir='ltr'><strong>optimos</strong></span> <span class='ocrx_word' id='word_1_65' title='bbox 683 993 942 1076; x_wconf 76' lang='lat' dir='ltr'><strong>etintegerrimos</strong></span> <span class='ocrx_word' id='word_1_66' title='bbox 958 1010 1021 1055; x_wconf 91' lang='lat' dir='ltr'><strong>non</strong></span> 
     </span>
     <span class='ocr_line' id='line_1_10' title="bbox 91 1076 1119 1158; baseline -0.001 -19"><span class='ocrx_word' id='word_1_67' title='bbox 91 1077 194 1141; x_wconf 90' lang='lat' dir='ltr'><strong>solum</strong></span> <span class='ocrx_word' id='word_1_68' title='bbox 227 1079 287 1139; x_wconf 90' lang='lat' dir='ltr'><strong>sibi</strong></span> <span class='ocrx_word' id='word_1_69' title='bbox 307 1077 427 1158; x_wconf 67' lang='lat' dir='ltr'><strong>tipsost</strong></span> <span class='ocrx_word' id='word_1_70' title='bbox 462 1093 563 1156; x_wconf 82' lang='lat' dir='ltr'><strong>neque</strong></span> <span class='ocrx_word' id='word_1_71' title='bbox 593 1077 641 1140; x_wconf 93' lang='lat' dir='ltr'><strong>bis</strong></span> <span class='ocrx_word' id='word_1_72' title='bbox 671 1083 714 1139; x_wconf 92' lang='lat' dir='ltr'><strong>tot</strong></span> <span class='ocrx_word' id='word_1_73' title='bbox 743 1096 778 1139; x_wconf 88' lang='lat' dir='ltr'><strong>ao</strong></span> <span class='ocrx_word' id='word_1_74' title='bbox 809 1078 917 1142; x_wconf 80' lang='lat' dir='ltr'><strong>tatibus</strong></span> <span class='ocrx_word' id='word_1_75' title='bbox 945 1076 1020 1138; x_wconf 87' lang='lat' dir='ltr'><strong>viris</strong></span> <span class='ocrx_word' id='word_1_76' title='bbox 1115 1092 1119 1103; x_wconf 59' lang='lat'><em>¹</em></span> 
     </span>
     <span class='ocr_line' id='line_1_11' title="bbox 89 1159 1099 1242; baseline -0.002 -18"><span class='ocrx_word' id='word_1_77' title='bbox 89 1179 195 1242; x_wconf 88' lang='lat' dir='ltr'><strong>neque</strong></span> <span class='ocrx_word' id='word_1_78' title='bbox 224 1161 313 1222; x_wconf 92' lang='lat' dir='ltr'><strong>nobis</strong></span> <span class='ocrx_word' id='word_1_79' title='bbox 343 1159 572 1239; x_wconf 73' lang='lat' dir='ltr'><strong>necessariis4,</strong></span> <span class='ocrx_word' id='word_1_80' title='bbox 606 1161 662 1224; x_wconf 90' lang='lat' dir='ltr'><strong>sed</strong></span> <span class='ocrx_word' id='word_1_81' title='bbox 696 1161 785 1223; x_wconf 93' lang='lat' dir='ltr'><strong>etiam</strong></span> <span class='ocrx_word' id='word_1_82' title='bbox 815 1163 861 1223; x_wconf 91' lang='lat' dir='ltr'><strong>rei</strong></span> <span class='ocrx_word' id='word_1_83' title='bbox 891 1160 1021 1241; x_wconf 82' lang='lat' dir='ltr'><strong>publieae</strong></span> <span class='ocrx_word' id='word_1_84' title='bbox 1095 1201 1099 1214; x_wconf 56' lang='grc' dir='ltr'><em>ι</em></span> 
     </span>
     <span class='ocr_line' id='line_1_12' title="bbox 88 1243 1065 1325; baseline -0.005 -18"><span class='ocrx_word' id='word_1_85' title='bbox 88 1245 324 1307; x_wconf 81' lang='lat' dir='ltr'><strong>condonaveris.</strong></span> <span class='ocrx_word' id='word_1_86' title='bbox 365 1243 424 1306; x_wconf 88' lang='lat' dir='ltr'><strong>Fae</strong></span> <span class='ocrx_word' id='word_1_87' title='bbox 445 1243 553 1324; x_wconf 84' lang='lat' dir='ltr'><strong>igitur,</strong></span> <span class='ocrx_word' id='word_1_88' title='bbox 584 1244 665 1325; x_wconf 89' lang='lat' dir='ltr'><strong>quod</strong></span> <span class='ocrx_word' id='word_1_89' title='bbox 686 1244 725 1306; x_wconf 90' lang='lat' dir='ltr'><strong>de</strong></span> <span class='ocrx_word' id='word_1_90' title='bbox 745 1245 868 1307; x_wconf 89' lang='lat' dir='ltr'><strong>homine</strong></span> <span class='ocrx_word' id='word_1_91' title='bbox 888 1243 1065 1305; x_wconf 57' lang='lat' dir='ltr'><strong>nobilisasr</strong></span> 
     </span>
     <span class='ocr_line' id='line_1_13' title="bbox 89 1327 1020 1410; baseline -0.003 -19"><span class='ocrx_word' id='word_1_92' title='bbox 89 1332 171 1391; x_wconf 90' lang='lat' dir='ltr'><strong>simo</strong></span> <span class='ocrx_word' id='word_1_93' title='bbox 197 1335 226 1389; x_wconf 90' lang='lat' dir='ltr'><strong>et</strong></span> <span class='ocrx_word' id='word_1_94' title='bbox 256 1327 422 1389; x_wconf 84' lang='lat' dir='ltr'><strong>clarissimo</strong></span> <span class='ocrx_word' id='word_1_95' title='bbox 452 1327 575 1388; x_wconf 78' lang='lat' dir='ltr'><strong>iecisti⁶</strong></span> <span class='ocrx_word' id='word_1_96' title='bbox 611 1346 709 1410; x_wconf 88' lang='lat' dir='ltr'><strong>nuper</strong></span> <span class='ocrx_word' id='word_1_97' title='bbox 740 1329 771 1390; x_wconf 93' lang='lat' dir='ltr'><strong>in</strong></span> <span class='ocrx_word' id='word_1_98' title='bbox 803 1328 906 1406; x_wconf 86' lang='lat' dir='ltr'><strong>ouria,</strong></span> <span class='ocrx_word' id='word_1_99' title='bbox 939 1345 1020 1388; x_wconf 91' lang='lat' dir='ltr'><strong>nunc</strong></span> 
     </span>
     <span class='ocr_line' id='line_1_14' title="bbox 88 1410 1020 1494; baseline -0.003 -20"><span class='ocrx_word' id='word_1_100' title='bbox 88 1413 173 1474; x_wconf 89' lang='lat' dir='ltr'><strong>idem</strong></span> <span class='ocrx_word' id='word_1_101' title='bbox 197 1412 228 1472; x_wconf 92' lang='lat' dir='ltr'><strong>in</strong></span> <span class='ocrx_word' id='word_1_102' title='bbox 258 1410 327 1473; x_wconf 87' lang='lat' dir='ltr'><strong>foro</strong></span> <span class='ocrx_word' id='word_1_103' title='bbox 358 1411 396 1472; x_wconf 92' lang='lat' dir='ltr'><strong>de</strong></span> <span class='ocrx_word' id='word_1_104' title='bbox 425 1411 543 1491; x_wconf 90' lang='lat' dir='ltr'><strong>optimis</strong></span> <span class='ocrx_word' id='word_1_105' title='bbox 574 1416 603 1473; x_wconf 89' lang='lat' dir='ltr'><strong>et</strong></span> <span class='ocrx_word' id='word_1_106' title='bbox 632 1411 702 1480; x_wconf 84' lang='lat' dir='ltr'><strong>huic</strong></span> <span class='ocrx_word' id='word_1_107' title='bbox 733 1412 814 1473; x_wconf 91' lang='lat' dir='ltr'><strong>omni</strong></span> <span class='ocrx_word' id='word_1_108' title='bbox 842 1410 1020 1494; x_wconf 75' lang='lat' dir='ltr'><strong>trequentiae</strong></span> 
     </span>
     <span class='ocr_line' id='line_1_15' title="bbox 86 1492 1019 1578; baseline -0.004 -21"><span class='ocrx_word' id='word_1_109' title='bbox 86 1494 312 1578; x_wconf 72' lang='lat' dir='ltr'><strong>probatissimis</strong></span> <span class='ocrx_word' id='word_1_110' title='bbox 335 1493 487 1555; x_wconf 86' lang='lat' dir='ltr'><strong>iratribus.</strong></span> <span class='ocrx_word' id='word_1_111' title='bbox 524 1492 562 1554; x_wconf 93' lang='lat' dir='ltr'><strong>Ut</strong></span> <span class='ocrx_word' id='word_1_112' title='bbox 581 1495 760 1557; x_wconf 79' lang='lat' dir='ltr'><strong>concessisti</strong></span> <span class='ocrx_word' id='word_1_113' title='bbox 782 1495 868 1557; x_wconf 92' lang='lat' dir='ltr'><strong>ilium</strong></span> <span class='ocrx_word' id='word_1_114' title='bbox 889 1494 1019 1570; x_wconf 89' lang='lat' dir='ltr'><strong>senatui,</strong></span> 
     </span>
    </p>

    <p class='ocr_par' dir='ltr' id='par_1_4' title="bbox 86 1577 1018 1744">
     <span class='ocr_line' id='line_1_16' title="bbox 87 1577 1018 1658; baseline -0.005 -16"><span class='ocrx_word' id='word_1_115' title='bbox 87 1581 136 1642; x_wconf 89' lang='lat' dir='ltr'><strong>sic</strong></span> <span class='ocrx_word' id='word_1_116' title='bbox 160 1578 197 1640; x_wconf 89' lang='lat' dir='ltr'><strong>da</strong></span> <span class='ocrx_word' id='word_1_117' title='bbox 225 1577 306 1641; x_wconf 88' lang='lat' dir='ltr'><strong>hune</strong></span> <span class='ocrx_word' id='word_1_118' title='bbox 335 1577 466 1658; x_wconf 92' lang='lat' dir='ltr'><strong>populo,</strong></span> <span class='ocrx_word' id='word_1_119' title='bbox 509 1577 596 1642; x_wconf 88' lang='lat' dir='ltr'><strong>cuius</strong></span> <span class='ocrx_word' id='word_1_120' title='bbox 625 1577 808 1640; x_wconf 88' lang='lat' dir='ltr'><strong>voluntatem</strong></span> <span class='ocrx_word' id='word_1_121' title='bbox 833 1577 1018 1639; x_wconf 83' lang='lat' dir='ltr'><strong>carissimam</strong></span> 
     </span>
     <span class='ocr_line' id='line_1_17' title="bbox 86 1660 1018 1744; baseline -0.006 -18"><span class='ocrx_word' id='word_1_122' title='bbox 86 1679 213 1742; x_wconf 89' lang='lat' dir='ltr'><strong>semper</strong></span> <span class='ocrx_word' id='word_1_123' title='bbox 234 1660 383 1738; x_wconf 81' lang='lat' dir='ltr'><strong>habuisti,</strong></span> <span class='ocrx_word' id='word_1_124' title='bbox 408 1666 453 1736; x_wconf 91' lang='lat' dir='ltr'><strong>et,</strong></span> <span class='ocrx_word' id='word_1_125' title='bbox 477 1660 503 1723; x_wconf 90' lang='lat' dir='ltr'><strong>si</strong></span> <span class='ocrx_word' id='word_1_126' title='bbox 526 1661 578 1736; x_wconf 81' lang='lat' dir='ltr'><strong>ilie</strong></span> <span class='ocrx_word' id='word_1_127' title='bbox 600 1660 666 1723; x_wconf 90' lang='lat' dir='ltr'><strong>dies</strong></span> <span class='ocrx_word' id='word_1_128' title='bbox 690 1661 744 1722; x_wconf 92' lang='lat' dir='ltr'><strong>tibi</strong></span> <span class='ocrx_word' id='word_1_129' title='bbox 766 1660 1018 1744; x_wconf 86' lang='lat' dir='ltr'><strong>gloriosissimus,</strong></span> 
     </span>
    </p>

    <p class='ocr_par' dir='ltr' id='par_1_5' title="bbox 13 1741 1202 2911">
     <span class='ocr_line' id='line_1_18' title="bbox 13 1741 1017 1830; baseline -0.003 -21"><span class='ocrx_word' id='word_1_130' title='bbox 13 1741 19 1748; x_wconf 80' lang='grc'><strong><em>’</em></strong></span> <span class='ocrx_word' id='word_1_131' title='bbox 85 1745 205 1830; x_wconf 92' lang='lat' dir='ltr'><strong>populo</strong></span> <span class='ocrx_word' id='word_1_132' title='bbox 222 1744 356 1807; x_wconf 88' lang='lat' dir='ltr'><strong>Romano</strong></span> <span class='ocrx_word' id='word_1_133' title='bbox 372 1743 564 1825; x_wconf 75' lang='lat' dir='ltr'><strong>gratissimus</strong></span> <span class='ocrx_word' id='word_1_134' title='bbox 581 1743 647 1823; x_wconf 81' lang='lat' dir='ltr'><strong>tuit,</strong></span> <span class='ocrx_word' id='word_1_135' title='bbox 667 1745 741 1818; x_wconf 89' lang='lat' dir='ltr'><strong>noli,</strong></span> <span class='ocrx_word' id='word_1_136' title='bbox 763 1745 903 1821; x_wconf 89' lang='lat' dir='ltr'><strong>obsecro,</strong></span> <span class='ocrx_word' id='word_1_137' title='bbox 926 1743 1017 1806; x_wconf 89' lang='lat' dir='ltr'><strong>dubi-</strong></span> 
     </span>
     <span class='ocr_line' id='line_1_19' title="bbox 84 1826 1017 1910; baseline -0.004 -18"><span class='ocrx_word' id='word_1_138' title='bbox 84 1837 173 1905; x_wconf 84' lang='lat' dir='ltr'><strong>tare,</strong></span> <span class='ocrx_word' id='word_1_139' title='bbox 211 1827 243 1890; x_wconf 83' lang='lat' dir='ltr'><strong>C.</strong></span> <span class='ocrx_word' id='word_1_140' title='bbox 267 1826 387 1905; x_wconf 84' lang='lat' dir='ltr'><strong>Caesar,</strong></span> <span class='ocrx_word' id='word_1_141' title='bbox 424 1828 553 1890; x_wconf 90' lang='lat' dir='ltr'><strong>similem</strong></span> <span class='ocrx_word' id='word_1_142' title='bbox 584 1828 629 1889; x_wconf 91' lang='lat' dir='ltr'><strong>illi</strong></span> <span class='ocrx_word' id='word_1_143' title='bbox 658 1826 765 1910; x_wconf 82' lang='lat' dir='ltr'><strong>gloriae</strong></span> <span class='ocrx_word' id='word_1_144' title='bbox 787 1828 906 1890; x_wconf 86' lang='lat' dir='ltr'><strong>laudem</strong></span> <span class='ocrx_word' id='word_1_145' title='bbox 927 1845 1017 1908; x_wconf 89' lang='lat' dir='ltr'><strong>quam</strong></span> 
     </span>
     <span class='ocr_line' id='line_1_20' title="bbox 84 1910 1017 1993; baseline -0.008 -16"><span class='ocrx_word' id='word_1_146' title='bbox 84 1912 259 1993; x_wconf 87' lang='lat' dir='ltr'><strong>saepissime</strong></span> <span class='ocrx_word' id='word_1_147' title='bbox 282 1928 426 1992; x_wconf 88' lang='lat' dir='ltr'><strong>quaerere.</strong></span> <span class='ocrx_word' id='word_1_148' title='bbox 468 1910 549 1972; x_wconf 85' lang='lat' dir='ltr'><strong>Nihil</strong></span> <span class='ocrx_word' id='word_1_149' title='bbox 571 1915 617 1977; x_wconf 88' lang='lat' dir='ltr'><strong>est</strong></span> <span class='ocrx_word' id='word_1_150' title='bbox 631 1912 724 1974; x_wconf 18' lang='lat' dir='ltr'><strong>,tamt</strong></span> <span class='ocrx_word' id='word_1_151' title='bbox 754 1910 902 1992; x_wconf 85' lang='lat' dir='ltr'><strong>populare</strong></span> <span class='ocrx_word' id='word_1_152' title='bbox 926 1927 1017 1990; x_wconf 86' lang='lat' dir='ltr'><strong>quom</strong></span> 
     </span>
     <span class='ocr_line' id='line_1_21' title="bbox 82 1992 1015 2076; baseline -0.005 -18"><span class='ocrx_word' id='word_1_153' title='bbox 82 1997 224 2073; x_wconf 82' lang='lat' dir='ltr'><strong>bonitus,</strong></span> <span class='ocrx_word' id='word_1_154' title='bbox 248 1994 329 2057; x_wconf 84' lang='lat' dir='ltr'><strong>nulia</strong></span> <span class='ocrx_word' id='word_1_155' title='bbox 354 1994 392 2056; x_wconf 87' lang='lat' dir='ltr'><strong>de</strong></span> <span class='ocrx_word' id='word_1_156' title='bbox 411 1993 567 2056; x_wconf 81' lang='lat' dir='ltr'><strong>virtutibus</strong></span> <span class='ocrx_word' id='word_1_157' title='bbox 592 1994 652 2056; x_wconf 91' lang='lat' dir='ltr'><strong>tuis</strong></span> <span class='ocrx_word' id='word_1_158' title='bbox 676 1995 812 2076; x_wconf 88' lang='lat' dir='ltr'><strong>plurimis</strong></span> <span class='ocrx_word' id='word_1_159' title='bbox 834 2009 892 2056; x_wconf 90' lang='lat' dir='ltr'><strong>neo</strong></span> <span class='ocrx_word' id='word_1_160' title='bbox 916 1992 1015 2054; x_wconf 86' lang='lat' dir='ltr'><strong>admi-</strong></span> 
     </span>
     <span class='ocr_line' id='line_1_22' title="bbox 82 2076 1116 2159; baseline -0.007 -16"><span class='ocrx_word' id='word_1_161' title='bbox 82 2079 215 2142; x_wconf 86' lang='lat' dir='ltr'><strong>rabilior</strong></span> <span class='ocrx_word' id='word_1_162' title='bbox 236 2095 294 2140; x_wconf 88' lang='lat' dir='ltr'><strong>neo</strong></span> <span class='ocrx_word' id='word_1_163' title='bbox 317 2078 431 2159; x_wconf 87' lang='lat' dir='ltr'><strong>gratior</strong></span> <span class='ocrx_word' id='word_1_164' title='bbox 450 2077 658 2141; x_wconf 88' lang='lat' dir='ltr'><strong>misericordia</strong></span> <span class='ocrx_word' id='word_1_165' title='bbox 677 2085 732 2140; x_wconf 90' lang='lat' dir='ltr'><strong>est.</strong></span> <span class='ocrx_word' id='word_1_166' title='bbox 768 2077 914 2146; x_wconf 88' lang='lat' dir='ltr'><strong>Homines</strong></span> <span class='ocrx_word' id='word_1_167' title='bbox 934 2076 1060 2138; x_wconf 75' lang='lat' dir='ltr'><strong>enimse</strong></span> <span class='ocrx_word' id='word_1_168' title='bbox 1113 2101 1116 2112; x_wconf 89' lang='lat'>·</span> 
     </span>
     <span class='ocr_line' id='line_1_23' title="bbox 83 2160 1014 2243; baseline -0.004 -17"><span class='ocrx_word' id='word_1_169' title='bbox 83 2163 123 2226; x_wconf 87' lang='lat' dir='ltr'><strong>ad</strong></span> <span class='ocrx_word' id='word_1_170' title='bbox 158 2161 232 2224; x_wconf 91' lang='lat' dir='ltr'><strong>deos</strong></span> <span class='ocrx_word' id='word_1_171' title='bbox 263 2160 345 2223; x_wconf 90' lang='lat' dir='ltr'><strong>nulia</strong></span> <span class='ocrx_word' id='word_1_172' title='bbox 375 2178 411 2222; x_wconf 92' lang='lat' dir='ltr'><strong>re</strong></span> <span class='ocrx_word' id='word_1_173' title='bbox 441 2162 567 2242; x_wconf 86' lang='lat' dir='ltr'><strong>propius</strong></span> <span class='ocrx_word' id='word_1_174' title='bbox 592 2162 739 2223; x_wconf 88' lang='lat' dir='ltr'><strong>accedunt</strong></span> <span class='ocrx_word' id='word_1_175' title='bbox 766 2180 855 2243; x_wconf 90' lang='lat' dir='ltr'><strong>quam</strong></span> <span class='ocrx_word' id='word_1_176' title='bbox 885 2161 1014 2222; x_wconf 85' lang='lat' dir='ltr'><strong>salutem</strong></span> 
     </span>
     <span class='ocr_line' id='line_1_24' title="bbox 82 2243 1014 2321; baseline -0.003 -12"><span class='ocrx_word' id='word_1_177' title='bbox 82 2245 260 2309; x_wconf 89' lang='lat' dir='ltr'><strong>hominibus</strong></span> <span class='ocrx_word' id='word_1_178' title='bbox 283 2244 407 2308; x_wconf 60' lang='lat' dir='ltr'><strong>dandoa</strong></span> <span class='ocrx_word' id='word_1_179' title='bbox 427 2243 508 2307; x_wconf 88' lang='lat' dir='ltr'><strong>Nihil</strong></span> <span class='ocrx_word' id='word_1_180' title='bbox 526 2244 615 2306; x_wconf 89' lang='lat' dir='ltr'><strong>habet</strong></span> <span class='ocrx_word' id='word_1_181' title='bbox 629 2263 687 2308; x_wconf 90' lang='lat' dir='ltr'><strong>nec</strong></span> <span class='ocrx_word' id='word_1_182' title='bbox 702 2244 822 2306; x_wconf 84' lang='lat' dir='ltr'><strong>fortuna</strong></span> <span class='ocrx_word' id='word_1_183' title='bbox 838 2250 889 2307; x_wconf 91' lang='lat' dir='ltr'><strong>tua</strong></span> <span class='ocrx_word' id='word_1_184' title='bbox 906 2245 1014 2321; x_wconf 76' lang='lat' dir='ltr'><strong>moiuS,</strong></span> 
     </span>
     <span class='ocr_line' id='line_1_25' title="bbox 82 2326 1012 2412; baseline -0.004 -20"><span class='ocrx_word' id='word_1_185' title='bbox 82 2349 176 2412; x_wconf 85' lang='lat' dir='ltr'><strong>quam</strong></span> <span class='ocrx_word' id='word_1_186' title='bbox 199 2335 231 2391; x_wconf 91' lang='lat' dir='ltr'><strong>ut</strong></span> <span class='ocrx_word' id='word_1_187' title='bbox 254 2328 366 2410; x_wconf 91' lang='lat' dir='ltr'><strong>possis,</strong></span> <span class='ocrx_word' id='word_1_188' title='bbox 391 2345 449 2388; x_wconf 91' lang='lat' dir='ltr'><strong>nee</strong></span> <span class='ocrx_word' id='word_1_189' title='bbox 466 2329 599 2390; x_wconf 81' lang='lat' dir='ltr'><strong>natura⁷</strong></span> <span class='ocrx_word' id='word_1_190' title='bbox 625 2328 744 2405; x_wconf 87' lang='lat' dir='ltr'><strong>melius,</strong></span> <span class='ocrx_word' id='word_1_191' title='bbox 769 2345 858 2407; x_wconf 89' lang='lat' dir='ltr'><strong>quam</strong></span> <span class='ocrx_word' id='word_1_192' title='bbox 881 2333 915 2389; x_wconf 94' lang='lat' dir='ltr'><strong>ut</strong></span> <span class='ocrx_word' id='word_1_193' title='bbox 935 2326 1012 2389; x_wconf 88' lang='lat' dir='ltr'><strong>velis</strong></span> 
     </span>
     <span class='ocr_line' id='line_1_26' title="bbox 81 2409 1013 2494; baseline -0.005 -17"><span class='ocrx_word' id='word_1_194' title='bbox 81 2431 315 2494; x_wconf 80' lang='lat' dir='ltr'><strong>servenequam</strong></span> <span class='ocrx_word' id='word_1_195' title='bbox 338 2411 493 2492; x_wconf 88' lang='lat' dir='ltr'><strong>plurimos.</strong></span> <span class='ocrx_word' id='word_1_196' title='bbox 536 2409 720 2494; x_wconf 86' lang='lat' dir='ltr'><strong>Longiorem</strong></span> <span class='ocrx_word' id='word_1_197' title='bbox 736 2412 903 2472; x_wconf 86' lang='lat' dir='ltr'><strong>orationem</strong></span> <span class='ocrx_word' id='word_1_198' title='bbox 920 2425 1013 2472; x_wconf 86' lang='lat' dir='ltr'><strong>causa</strong></span> 
     </span>
     <span class='ocr_line' id='line_1_27' title="bbox 80 2493 1011 2576; baseline -0.005 -18"><span class='ocrx_word' id='word_1_199' title='bbox 80 2497 212 2560; x_wconf 90' lang='lat' dir='ltr'><strong>forsitan</strong></span> <span class='ocrx_word' id='word_1_200' title='bbox 230 2495 371 2576; x_wconf 75' lang='lat' dir='ltr'><strong>postulat,</strong></span> <span class='ocrx_word' id='word_1_201' title='bbox 393 2500 443 2556; x_wconf 86' lang='lat' dir='ltr'><strong>tua</strong></span> <span class='ocrx_word' id='word_1_202' title='bbox 459 2499 542 2556; x_wconf 83' lang='lat' dir='ltr'><strong>certe</strong></span> <span class='ocrx_word' id='word_1_203' title='bbox 558 2501 666 2558; x_wconf 88' lang='lat' dir='ltr'><strong>natura</strong></span> <span class='ocrx_word' id='word_1_204' title='bbox 682 2494 863 2557; x_wconf 87' lang='lat' dir='ltr'><strong>breviorem.</strong></span> <span class='ocrx_word' id='word_1_205' title='bbox 900 2493 1011 2569; x_wconf 83' lang='lat' dir='ltr'><strong>Quare,</strong></span> 
     </span>
     <span class='ocr_line' id='line_1_28' title="bbox 81 2577 1106 2662; baseline -0.004 -20"><span class='ocrx_word' id='word_1_206' title='bbox 81 2598 176 2662; x_wconf 89' lang='lat' dir='ltr'><strong>quum</strong></span> <span class='ocrx_word' id='word_1_207' title='bbox 199 2579 301 2642; x_wconf 90' lang='lat' dir='ltr'><strong>utilius</strong></span> <span class='ocrx_word' id='word_1_208' title='bbox 325 2597 394 2641; x_wconf 89' lang='lat' dir='ltr'><strong>esse</strong></span> <span class='ocrx_word' id='word_1_209' title='bbox 428 2577 577 2658; x_wconf 84' lang='lat' dir='ltr'><strong>arbitrer,</strong></span> <span class='ocrx_word' id='word_1_210' title='bbox 621 2584 652 2640; x_wconf 89' lang='lat' dir='ltr'><strong>te</strong></span> <span class='ocrx_word' id='word_1_211' title='bbox 684 2578 783 2659; x_wconf 92' lang='lat' dir='ltr'><strong>ipsum</strong></span> <span class='ocrx_word' id='word_1_212' title='bbox 815 2595 904 2658; x_wconf 89' lang='lat' dir='ltr'><strong>quam</strong></span> <span class='ocrx_word' id='word_1_213' title='bbox 934 2577 1008 2638; x_wconf 77' lang='lat' dir='ltr'><strong>me⁸</strong></span> <span class='ocrx_word' id='word_1_214' title='bbox 1098 2597 1106 2620; x_wconf 59' lang='lat' dir='ltr'><strong>t</strong></span> 
     </span>
     <span class='ocr_line' id='line_1_29' title="bbox 81 2659 1010 2743; baseline -0.003 -18"><span class='ocrx_word' id='word_1_215' title='bbox 81 2669 132 2726; x_wconf 90' lang='lat' dir='ltr'><strong>aut</strong></span> <span class='ocrx_word' id='word_1_216' title='bbox 157 2679 335 2743; x_wconf 85' lang='lat' dir='ltr'><strong>quemquam</strong></span> <span class='ocrx_word' id='word_1_217' title='bbox 360 2660 445 2743; x_wconf 90' lang='lat' dir='ltr'><strong>loqui</strong></span> <span class='ocrx_word' id='word_1_218' title='bbox 469 2668 578 2740; x_wconf 91' lang='lat' dir='ltr'><strong>tecum,</strong></span> <span class='ocrx_word' id='word_1_219' title='bbox 599 2659 689 2724; x_wconf 88' lang='lat' dir='ltr'><strong>finem</strong></span> <span class='ocrx_word' id='word_1_220' title='bbox 712 2662 772 2722; x_wconf 87' lang='lat' dir='ltr'><strong>iam</strong></span> <span class='ocrx_word' id='word_1_221' title='bbox 793 2659 917 2736; x_wconf 87' lang='lat' dir='ltr'><strong>iaciam;</strong></span> <span class='ocrx_word' id='word_1_222' title='bbox 939 2667 1010 2722; x_wconf 85' lang='lat' dir='ltr'><strong>tan-</strong></span> 
     </span>
     <span class='ocr_line' id='line_1_30' title="bbox 80 2743 1202 2829; baseline 0.004 -21"><span class='ocrx_word' id='word_1_223' title='bbox 80 2753 147 2808; x_wconf 91' lang='lat' dir='ltr'><strong>tum</strong></span> <span class='ocrx_word' id='word_1_224' title='bbox 168 2752 197 2806; x_wconf 89' lang='lat' dir='ltr'><strong>te</strong></span> <span class='ocrx_word' id='word_1_225' title='bbox 221 2745 437 2821; x_wconf 82' lang='lat' dir='ltr'><strong>admonebo⁹,</strong></span> <span class='ocrx_word' id='word_1_226' title='bbox 471 2744 499 2807; x_wconf 95' lang='lat' dir='ltr'><strong>si</strong></span> <span class='ocrx_word' id='word_1_227' title='bbox 522 2746 566 2807; x_wconf 89' lang='lat' dir='ltr'><strong>iiii</strong></span> <span class='ocrx_word' id='word_1_228' title='bbox 591 2744 705 2808; x_wconf 80' lang='lat' dir='ltr'><strong>absenti</strong></span> <span class='ocrx_word' id='word_1_229' title='bbox 730 2744 856 2807; x_wconf 89' lang='lat' dir='ltr'><strong>salutem</strong></span> <span class='ocrx_word' id='word_1_230' title='bbox 878 2743 1010 2824; x_wconf 80' lang='lat' dir='ltr'><strong>dederis,</strong></span> <span class='ocrx_word' id='word_1_231' title='bbox 1095 2817 1100 2829; x_wconf 61' lang='grc'><strong><em>,</em></strong></span> <span class='ocrx_word' id='word_1_232' title='bbox 1195 2771 1202 2781; x_wconf 90' lang='grc'><em>·</em></span> 
     </span>
     <span class='ocr_line' id='line_1_31' title="bbox 81 2826 737 2911; baseline -0.002 -20"><span class='ocrx_word' id='word_1_233' title='bbox 81 2829 282 2911; x_wconf 76' lang='lat' dir='ltr'><strong>praesentibus</strong></span> <span class='ocrx_word' id='word_1_234' title='bbox 306 2829 353 2891; x_wconf 91' lang='lat' dir='ltr'><strong>bis</strong></span> <span class='ocrx_word' id='word_1_235' title='bbox 379 2826 517 2892; x_wconf 89' lang='lat' dir='ltr'><strong>omnibus</strong></span> <span class='ocrx_word' id='word_1_236' title='bbox 537 2833 569 2891; x_wconf 89' lang='lat' dir='ltr'><strong>te</strong></span> <span class='ocrx_word' id='word_1_237' title='bbox 592 2828 737 2891; x_wconf 85' lang='lat' dir='ltr'><strong>daturum.</strong></span> 
     </span>
    </p>
   </div>
   <div class='ocr_carea' id='block_1_3' title="bbox 115 3019 1053 3384">
    <p class='ocr_par' dir='ltr' id='par_1_6' title="bbox 115 3019 1053 3384">
     <span class='ocr_line' id='line_1_32' title="bbox 119 3019 1005 3104; baseline 0.007 -18"><span class='ocrx_word' id='word_1_238' title='bbox 119 3036 129 3067; x_wconf 92' lang='lat'>¹</span> <span class='ocrx_word' id='word_1_239' title='bbox 152 3035 224 3088; x_wconf 82' lang='lat' dir='ltr'><strong>codd.</strong></span> <span class='ocrx_word' id='word_1_240' title='bbox 244 3032 305 3101; x_wconf 82' lang='lat' dir='ltr'><em>(E.)</em></span> <span class='ocrx_word' id='word_1_241' title='bbox 327 3061 360 3070; x_wconf 93' lang='lat'><em>-</em></span> <span class='ocrx_word' id='word_1_242' title='bbox 379 3035 467 3088; x_wconf 83' lang='lat' dir='ltr'><strong>officio</strong></span> <span class='ocrx_word' id='word_1_243' title='bbox 487 3019 661 3104; x_wconf 69' lang='lat' dir='ltr'><strong>cogitantem}</strong></span> <span class='ocrx_word' id='word_1_244' title='bbox 680 3045 766 3088; x_wconf 80' lang='lat' dir='ltr'><strong>cetero</strong></span> <span class='ocrx_word' id='word_1_245' title='bbox 783 3037 861 3090; x_wconf 79' lang='lat' dir='ltr'><strong>aliter</strong></span> <span class='ocrx_word' id='word_1_246' title='bbox 875 3037 1005 3093; x_wconf 76' lang='lat' dir='ltr'><strong>distincta.</strong></span> 
     </span>
     <span class='ocr_line' id='line_1_33' title="bbox 115 3102 1005 3175; baseline 0.008 -20"><span class='ocrx_word' id='word_1_247' title='bbox 115 3105 130 3136; x_wconf 73' lang='lat'>²</span> <span class='ocrx_word' id='word_1_248' title='bbox 151 3109 216 3156; x_wconf 83' lang='lat' dir='ltr'><strong>cont.</strong></span> <span class='ocrx_word' id='word_1_249' title='bbox 238 3102 364 3170; x_wconf 72' lang='lat' dir='ltr'><strong>(tuone.)</strong></span> <span class='ocrx_word' id='word_1_250' title='bbox 384 3123 398 3156; x_wconf 85' lang='lat' dir='ltr'><strong>e</strong></span> <span class='ocrx_word' id='word_1_251' title='bbox 416 3115 476 3156; x_wconf 83' lang='lat' dir='ltr'><strong>aest.</strong></span> <span class='ocrx_word' id='word_1_252' title='bbox 499 3106 570 3160; x_wconf 82' lang='lat' dir='ltr'><strong>codd.</strong></span> <span class='ocrx_word' id='word_1_253' title='bbox 586 3131 622 3144; x_wconf 87' lang='lat'><strong>--</strong></span> <span class='ocrx_word' id='word_1_254' title='bbox 640 3115 668 3158; x_wconf 90' lang='lat' dir='ltr'><strong>ut</strong></span> <span class='ocrx_word' id='word_1_255' title='bbox 685 3116 712 3158; x_wconf 92' lang='lat' dir='ltr'><strong>tu</strong></span> <span class='ocrx_word' id='word_1_256' title='bbox 733 3124 793 3174; x_wconf 84' lang='lat' dir='ltr'><strong>eum</strong></span> <span class='ocrx_word' id='word_1_257' title='bbox 811 3111 856 3159; x_wconf 91' lang='lat' dir='ltr'><strong>tui.</strong></span> <span class='ocrx_word' id='word_1_258' title='bbox 901 3109 912 3140; x_wconf 78' lang='lat'>³</span> <span class='ocrx_word' id='word_1_259' title='bbox 934 3111 1005 3175; x_wconf 89' lang='lat' dir='ltr'><strong>ipsis.</strong></span> 
     </span>
     <span class='ocr_line' id='line_1_34' title="bbox 116 3174 1005 3243; baseline 0.007 -19"><span class='ocrx_word' id='word_1_260' title='bbox 116 3174 131 3205; x_wconf 83' lang='lat'><strong>⁴</strong></span> <span class='ocrx_word' id='word_1_261' title='bbox 150 3179 305 3232; x_wconf 82' lang='lat' dir='ltr'><strong>necessariis</strong></span> <span class='ocrx_word' id='word_1_262' title='bbox 324 3179 386 3228; x_wconf 81' lang='lat' dir='ltr'><strong>suis.</strong></span> <span class='ocrx_word' id='word_1_263' title='bbox 431 3177 442 3208; x_wconf 78' lang='lat'><em>⁶</em></span> <span class='ocrx_word' id='word_1_264' title='bbox 465 3176 616 3241; x_wconf 89' lang='lat' dir='ltr'><strong>clarissimo,</strong></span> <span class='ocrx_word' id='word_1_265' title='bbox 636 3178 668 3228; x_wconf 88' lang='grc' dir='ltr'><strong>Μ.</strong></span> <span class='ocrx_word' id='word_1_266' title='bbox 685 3178 818 3243; x_wconf 81' lang='lat' dir='ltr'><strong>Marcello,</strong></span> <span class='ocrx_word' id='word_1_267' title='bbox 835 3179 886 3230; x_wconf 87' lang='lat' dir='ltr'><strong>see.</strong></span> <span class='ocrx_word' id='word_1_268' title='bbox 932 3178 944 3209; x_wconf 79' lang='lat'><strong>⁰</strong></span> <span class='ocrx_word' id='word_1_269' title='bbox 965 3187 1005 3231; x_wconf 87' lang='lat' dir='ltr'><strong>est</strong></span> 
     </span>
     <span class='ocr_line' id='line_1_35' title="bbox 115 3245 1053 3316; baseline 0.006 -20"><span class='ocrx_word' id='word_1_270' title='bbox 115 3247 186 3296; x_wconf 90' lang='lat' dir='ltr'><strong>enim</strong></span> <span class='ocrx_word' id='word_1_271' title='bbox 206 3255 267 3297; x_wconf 83' lang='lat' dir='ltr'><strong>tam.</strong></span> <span class='ocrx_word' id='word_1_272' title='bbox 305 3247 428 3297; x_wconf 73' lang='lat' dir='ltr'><strong>&#39;nutura</strong></span> <span class='ocrx_word' id='word_1_273' title='bbox 446 3253 500 3298; x_wconf 83' lang='lat' dir='ltr'><strong>tua.</strong></span> <span class='ocrx_word' id='word_1_274' title='bbox 543 3247 648 3300; x_wconf 79' lang='lat' dir='ltr'><strong>¹eodd.</strong></span> <span class='ocrx_word' id='word_1_275' title='bbox 667 3245 728 3314; x_wconf 76' lang='lat' dir='ltr'><strong>(b.)</strong></span> <span class='ocrx_word' id='word_1_276' title='bbox 748 3265 878 3316; x_wconf 81' lang='lat' dir='ltr'><strong>-quam</strong></span> <span class='ocrx_word' id='word_1_277' title='bbox 894 3255 938 3302; x_wconf 76' lang='lat' dir='ltr'><strong>aut</strong></span> <span class='ocrx_word' id='word_1_278' title='bbox 952 3265 1006 3311; x_wconf 61' lang='lat' dir='ltr'><strong>nuc.¹</strong></span> <span class='ocrx_word' id='word_1_279' title='bbox 1047 3271 1053 3278; x_wconf 92' lang='lat'>·</span> 
     </span>
     <span class='ocr_line' id='line_1_36' title="bbox 116 3311 989 3384; baseline 0.007 -20"><span class='ocrx_word' id='word_1_280' title='bbox 116 3313 129 3345; x_wconf 79' lang='lat'><strong>⁹</strong></span> <span class='ocrx_word' id='word_1_281' title='bbox 152 3311 184 3367; x_wconf 75' lang='lat' dir='ltr'><strong>tt.</strong></span> <span class='ocrx_word' id='word_1_282' title='bbox 206 3339 240 3352; x_wconf 82' lang='lat'><strong>-</strong></span> <span class='ocrx_word' id='word_1_283' title='bbox 261 3325 287 3368; x_wconf 88' lang='lat' dir='ltr'><strong>to</strong></span> <span class='ocrx_word' id='word_1_284' title='bbox 307 3312 415 3384; x_wconf 87' lang='lat' dir='ltr'><strong>[ipsum]</strong></span> <span class='ocrx_word' id='word_1_285' title='bbox 436 3317 504 3368; x_wconf 82' lang='lat' dir='ltr'><strong>adm.</strong></span> <span class='ocrx_word' id='word_1_286' title='bbox 795 3344 799 3360; x_wconf 82' lang='lat'><strong>·</strong></span> <span class='ocrx_word' id='word_1_287' title='bbox 984 3333 989 3342; x_wconf 70' lang='grc'><em>’</em></span> 
     </span>
    </p>
   </div>
   <div class='ocr_carea' id='block_1_4' title="bbox 333 3590 777 3618">
    <p class='ocr_par' dir='ltr' id='par_1_7' title="bbox 333 3590 777 3618">
     <span class='ocr_line' id='line_1_37' title="bbox 333 3590 777 3618; baseline 0.002 -2"><span class='ocrx_word' id='word_1_288' title='bbox 333 3590 777 3618; x_wconf 51' lang='lat' dir='ltr'><strong>mm,</strong></span> 
     </span>
    </p>
   </div>
   <div class='ocr_carea' id='block_1_5' title="bbox 0 0 1250 4316">
    <p class='ocr_par' dir='ltr' id='par_1_8' title="bbox 0 0 1250 4316">
     <span class='ocr_line' id='line_1_38' title="bbox 0 0 1250 4316; baseline 0 6"><span class='ocrx_word' id='word_1_289' title='bbox 0 0 1250 4316; x_wconf 95' lang='lat' dir='ltr'><strong> </strong></span> 
     </span>
    </p>
   </div>
  </div>
 </body>
</html>
