2468 4318
267 237 692 330 unumunurn.
769 257 771 260 ·
874 250 962 298 ,ιι

126 371 314 491 Nuut'itloa,¹
330 412 382 496 qni
399 414 430 478 in
447 411 523 480 urba
538 417 757 492 romanserunt,
778 419 866 495 atque
884 414 962 480 adeo
973 424 1008 486 at

44 498 90 577 qui
111 503 213 564 eontra
243 497 327 563 miris
361 497 489 560 salutem
515 496 709 576 omniumque
741 501 901 564 ιιιιειιιιιιι1
931 501 963 566 in

43 580 109 650 urbe
130 599 146 644 a
170 579 297 648 Catilina
317 580 416 646 relioti
437 586 524 655 sunt,
557 597 735 660 quamquam
756 588 827 644 sunt
847 581 962 662 hostes,

43 669 149 740 tamen,
179 665 249 746 quie
270 666 333 731 nati
354 669 423 730 sunt
447 665 549 740 cives,
573 663 704 726 monitos
726 681 781 726 eos
802 665 891 730 etiam
913 673 962 732 at-

42 765 94 828 quo
114 748 201 814 etiam
225 749 306 812 volo.
348 747 416 814 Mea
442 747 550 816 lenitas
574 745 672 811 adhuc
700 748 727 808 si
753 750 803 810 oui
833 750 962 814 solutior

42 833 167 909 nisaest,
189 831 250 894 hoo
267 831 464 912 exspectavit,
487 837 520 893 ut
547 827 588 905 id,
610 829 692 911 quod
710 830 830 909 latebat,
856 851 962 897 erum-

41 920 126 994 peret.
174 915 262 990 Quod
286 915 437 996 reliquum
463 919 526 990 est,
560 913 619 977 iem
648 930 710 976 non
732 931 856 996 possum
873 917 962 988 obli·
1082 967 1084 979 r

42 997 118 1074 visai,
137 1017 234 1061 meam
254 997 332 1061 hono
354 1017 424 1061 esse
447 997 584 1082 patriam,
605 1015 654 1058 me
675 996 783 1060 horum
798 1017 867 1062 esse
883 1017 962 1063 oon-

42 1080 144 1158 sutem,
182 1083 257 1144 mihi
291 1089 343 1145 aut
372 1100 438 1145 oum
471 1081 519 1143 his
549 1080 710 1144 vivendum
739 1088 789 1144 aut
822 1101 879 1165 pro
913 1084 962 1147 his

43 1181 103 1226 osse
122 1165 321 1228 moriendum.
368 1163 477 1229 Nullus
500 1169 546 1230 aat
569 1164 694 1246 portis'
714 1172 827 1243 custos,
857 1167 962 1230 nullus
1070 1200 1071 1208 ι

42 1247 187 1312 insidiator
210 1250 289 1323 viae3
322 1250 348 1312 si
371 1251 422 1331 qui
448 1250 534 1320 exire
557 1248 673 1326 volunt,
695 1251 860 1316 connivere
883 1268 961 1336 pos·
1070 1249 1072 1257 '

42 1333 141 1409 rum⁸;
164 1336 215 1416 qui
238 1349 315 1396 uero
334 1352 370 1396 se
389 1335 420 1398 in
438 1332 545 1398 urhe*
568 1333 775 1412 commoverit,
796 1335 882 1405 ouius
899 1351 961 1417 ego

42 1431 94 1476 non
115 1417 204 1479 modo
229 1416 362 1495 factum,
396 1417 452 1483 sed
483 1418 636 1498 inceptum
666 1416 760 1478 ullum
782 1423 960 1481 conatumve

43 1507 136 1562 contra
157 1503 285 1582 patriam
318 1499 568 1581 deprehendero,
602 1499 712 1562 sentiet
738 1500 770 1561 in
795 1499 852 1562 hao
883 1501 961 1564 urbe

42 1599 102 1644 esse
125 1585 269 1647 consules
292 1583 462 1666 vigilantes,
495 1600 565 1646 esse
587 1582 733 1663 egregios
757 1584 960 1665 magistratus,

42 1682 102 1726 osse
114 1665 219 1730 sortem
239 1674 389 1745 senatum,
405 1685 475 1738 esse
492 1683 585 1744 arma,
601 1682 671 1728 esse
688 1682 852 1743 carcerem,
870 1685 959 1748 quem

42 1748 177 1814 vindicem
202 1750 389 1814 nefariorum
413 1767 449 1812 oo
469 1747 697 1812 manifestomm
718 1749 869 1812 scelerum
891 1743 959 1812 ma-'

43 1829 113 1894 iores
133 1837 226 1901 nostri
252 1853 323 1899 esso
344 1835 517 1905 voluerunt.
572 1832 673 1912 Atque
701 1829 767 1894 haee
790 1834 891 1898 omnia
914 1834 1006 1910 siena
1024 1821 1072 1894 1³
1179 1837 1181 1842 '

43 1923 179 1996 agontur,
209 1919 363 1997 Quirites,
399 1924 431 1981 ut
460 1935 511 1979 res
542 1916 679 1986 maximae
709 1916 832 1983 minimo
865 1924 961 1994 motu,
1165 1989 1168 1999 ¹

42 2000 164 2076 pericula
191 2021 309 2070 summa
333 2001 416 2066 nullo
439 2001 574 2078 tumultu,
596 1999 710 2064 beilum
732 1999 961 2070 intestinumue
1063 2062 1066 2073 ,

42 2079 225 2154 domesticum
251 2092 321 2167 post
344 2085 497 2151 hominum
519 2083 694 2151 mennonium
718 2083 960 2155 crudelissimum

43 2167 90 2228 et⁶
125 2172 286 2233 maximum
315 2187 364 2231 nne
397 2187 471 2234 uno
490 2174 593 2252 togato
623 2167 700 2230 duce
722 2174 753 2230 et
775 2164 961 2265 imperatore

42 2249 160 2316 sedetur.
210 2253 301 2328 Quod
323 2270 383 2336 ego
405 2253 451 2314 sio
474 2250 707 2328 administrabo,
738 2249 889 2331 Quirntes,
916 2260 960 2329 ut,

43 2331 64 2392 si
92 2335 151 2399 ulio
181 2337 275 2404 modo
307 2335 373 2406 fieri
403 2337 534 2417 poterit,
577 2352 616 2398 ne
650 2335 807 2418 improbus
839 2335 960 2418 quidem

43 2417 186 2500 quisquam
209 2422 242 2487 in
264 2419 321 2487 ineo
346 2420 421 2485 urbe
442 2437 571 2500 poenam
596 2417 644 2488 sui
660 2418 793 2486 ‚sceleris
818 2419 960 2496 sudarem

43 2499 89 2562 sed
111 2503 203 2568 sinis
228 2503 395 2570 manifeste
414 2503 568 2577 audacie,
605 2503 632 2564 si
654 2502 831 2584 impendens
854 2504 961 2586 patrie

44 2585 201 2659 partenium.
220 2605 270 2653 me
300 2587 477 2653 necessario
502 2585 540 2650 de
561 2585 618 2650 hae
644 2585 734 2649 animi
755 2586 877 2650 lenitate
901 2586 959 2649 de-

44 2663 166 2744 duxerit,
200 2671 275 2735 illud
297 2670 435 2752 proiecto
456 2669 630 2752 perficiam,
663 2668 744 2754 quod
769 2671 905 2736 intanto
929 2677 961 2734 et

44 2751 92 2810 tam
111 2752 257 2818 insidioso
283 2754 365 2816 bello
388 2754 439 2816 vin
453 2749 623 2836 'optandum
645 2751 773 2830 videtur,
803 2761 836 2840 ut
857 2771 959 2836 neque

43 2828 129 2898 tonus
151 2839 307 2919 quisquam
337 2839 484 2911 intereat,
519 2853 745 2920 paucorumque
774 2855 875 2917 poena
902 2855 960 2907 uos
1055 2905 1060 2912 ,
1099 2863 1103 2872 ·

43 2912 92 2978 iam
120 2937 224 2992 omnes
254 2922 332 2984 salvi
359 2939 429 2983 esse
457 2920 590 3004 possitis.
640 2918 713 2993 Quo
745 2920 866 3002 quidem
899 2936 1005 3004 egone

44 3012 130 3079 neque
154 3023 220 3069 mea
240 3005 400 3086 prudentia
431 3023 532 3085 neque
561 3003 698 3074 humanis
727 3004 864 3072 consiliis
892 3003 959 3074 sre-

45 3085 82 3142 tus
101 3086 249 3166 polliceor
271 3089 368 3166 vobis,
391 3088 534 3165 Quirites,
564 3086 617 3150 sed
640 3085 740 3150 multis
763 3093 792 3152 et
815 3106 876 3160 non
900 3088 959 3152 du-

45 3161 93 3228 biis
121 3169 245 3235 deorum
277 3173 489 3238 immortalium
522 3169 808 3252 significationibus,
850 3172 960 3254 quihus

46 3261 95 3327 ego
122 3252 249 3328 ducibus
280 3256 312 3319 in
341 3255 420 3318 hano
450 3273 535 3336 spem
556 3254 796 3336 sententiamque
819 3274 885 3320 sum
907 3255 959 3316 in-

46 3345 175 3412 mensum
201 3340 251 3420 qui
275 3340 334 3404 iam
356 3356 417 3403 non
440 3337 557 3422 procul,
575 3343 614 3400 ut
635 3337 787 3421 quondam
810 3337 958 3415 sotebant,
1057 3377 1063 3388 ι
1128 3395 1131 3410 ,

46 3411 75 3472 ιιι
95 3425 216 3502 externo
240 3422 328 3486 hoste
349 3429 437 3503 atque
461 3417 639 3503 longinquo,
671 3419 796 3484 sedhic
819 3438 959 3504 praesen.-

46 3498 84 3558 itt
101 3519 154 3572 too
174 3507 297 3570 numine
319 3513 409 3589 atquo
431 3505 544 3569 auxilio
567 3523 624 3568 sua
637 3504 747 3590 templa
763 3512 854 3586 atque
873 3504 958 3576 urinis

47 3635 260 3668 Ἣ

79 3714 173 3772 ¹eodd.
189 3747 223 3759 —
242 3731 365 3776 vestrum.
404 3721 531 3790 'porta
571 3722 692 3780 'rohob
716 3718 892 3786 Vatt’rotp.
905 3713 961 3769 137
1062 3771 1067 3790 Ι

76 3783 153 3853 ttae,
172 3794 225 3846 cod.
247 3795 300 3862 req.
318 3819 351 3830 -
370 3794 509 3846 consulere
531 3794 581 3846 eibi
597 3799 719 3859 'possunt
759 3793 772 3828 ⁴
793 3788 863 3841 codd.
882 3815 915 3824 -
934 3793 960 3841 in

79 3857 136 3911 urba
153 3880 190 3912 se.
229 3865 332 3916 ⁵codd.
355 3889 386 3898 —
407 3879 445 3916 ao.

728 3998 761 4050 7}
