2468 4318
261 251 352 312 PRO
380 251 504 312 tucn
531 252 741 314 ΜΑΝΙΗᾸ
931 260 968 312 π

30 427 112 492 mine
133 420 336 511 praeficiendo
358 425 505 506 videmus,
527 427 599 511 quid
620 433 678 508 est,
698 407 781 512 ‹pnod
799 432 852 492 aut
872 425 912 491 de
932 441 969 492 re

31 520 82 576 out
104 512 144 575 de
169 508 352 594 perficiendi
372 510 515 574 facultate
536 511 731 576 dubitemus?
767 511 835 595 Ego
857 519 970 591 autem,

32 595 183 678 quidquid
201 595 300 656 estin
320 594 392 656 me²
416 595 516 674 studii,
539 596 671 674 consilii,
692 595 818 674 laboris,
840 595 969 679 ingenii,

32 679 184 762 quidquid
220 678 281 740 hoc
311 676 461 740 beneficio
494 679 600 825 populi
614 738 616 758 Ι
630 679 758 742 Romani
790 685 880 761 atque
910 680 970 743 hac
1001 714 1003 722 ι

30 769 184 846 potestate
207 761 369 846 pretoria,
401 762 527 846 quidqui
570 763 766 842 auctoritato,
786 762 861 842 oue,
890 780 969 825 con-

32 847 142 910 stantia
164 863 314 930 possunt,
344 845 376 909 id
397 863 486 908 omne
508 846 546 908 ad
568 847 646 909 hanc
666 864 732 909 rem
753 845 969 928 conficiendum

32 931 85 994 tibi
121 936 153 992 et
191 929 311 1012 populo
345 929 481 992 Romano
510 929 660 1012 polliceor
688 949 724 993 ac
750 930 874 1007 deiero;
919 935 1017 992 te-ro

34 1021 159 1096 storque
183 1029 294 1075 omnes
317 1010 411 1092 deos,
435 1019 464 1075 et
486 1030 541 1076 eos
562 1014 710 1094 maxime,
730 1015 783 1096 qui
807 1014 879 1076 huie
899 1013 982 1077 loeo.
1021 1087 1023 1098 Ι

34 1098 214 1180 temploque
244 1094 441 1179 praesident,
465 1097 517 1178 qui
548 1098 679 1162 omnium
709 1103 825 1162 mentes
853 1115 971 1176 eorum,

36 1182 85 1262 qui
108 1181 148 1244 ad
178 1179 423 1261 rempublicam
453 1179 581 1260 adeum,
611 1183 742 1244 maxime
771 1182 971 1265 perspiciunt,

35 1283 82 1326 nne
101 1265 164 1328 hoc
184 1281 290 1346 neque
310 1269 419 1348 rogatu
440 1261 543 1326 facere
563 1266 758 1348 cuiusquam,
787 1283 887 1347 neque
909 1281 971 1347 quo

36 1346 88 1412 Cn.
110 1348 256 1431 Pompeii
280 1349 409 1430 gratiam
426 1347 499 1411 mihi
523 1367 580 1430 per
602 1349 681 1412 hanc
703 1367 824 1412 causam
840 1349 971 1412 coneili-

38 1432 80 1493 ari
101 1437 229 1514 putem,
264 1448 366 1513 neque
388 1449 448 1512 quo
469 1431 543 1494 mihi
568 1450 608 1494 ex
632 1435 809 1514 cuiusquam
827 1432 972 1516 amplitu-
1088 1461 1089 1468 ¹

37 1514 105 1578 dine
130 1522 184 1578 aut
206 1514 350 1597 presidio
372 1514 517 1597 periculis
538 1520 590 1578 aut
612 1516 782 1580 adiumenta
802 1515 971 1580 honoribus

40 1616 190 1680 queram,
225 1605 389 1681 propterea
407 1597 489 1679 quod
513 1599 650 1679 pericula
671 1599 779 1677 focile,
815 1604 848 1662 ut
868 1598 972 1660 homia-

39 1699 105 1750 nern
125 1687 279 1765 prestare
303 1686 442 1764 oportet,
477 1682 653 1745 innocentia
682 1684 754 1745 teeti
777 1681 981 1764 repellemus,·

39 1763 173 1829 honores
204 1772 306 1829 autem
329 1783 430 1846 neque
460 1764 497 1827 ab
529 1782 590 1828 uno
621 1783 721 1848 neque
746 1783 786 1830 ox
808 1765 973 1844 hocloco,

42 1849 226 1912 sedendam
251 1848 305 1911 iila
325 1845 455 1912 nostra²
487 1848 727 1912 laboriosissima
753 1849 871 1912 ratione
894 1850 974 1929 vitae,

42 1932 68 1995 si
87 1938 191 1996 vestra
213 1930 354 1996 voluntas
375 1931 465 2011 ieret,
488 1949 720 2014 consequemur.
760 1931 1019 2012 Quamobremn

44 2015 185 2098 quidquid
207 2017 241 2084 in
264 2015 321 2078 hao
343 2033 435 2079 cause
457 2015 530 2078 mihi
553 2023 730 2099 susceptum
749 2022 806 2096 est,
830 2015 975 2097 Quirites,

43 2097 74 2160 id
90 2103 177 2183 egoi
203 2117 296 2172 omne
319 2117 368 2162 me
388 2099 579 2181 reipublice
595 2119 687 2165 causa
703 2101 877 2183 suscepisse
894 2118 973 2164 oon-

45 2180 137 2260 tirmo,
158 2189 335 2264 tantumque
353 2182 450 2261 abest,
473 2188 507 2246 ut
528 2184 658 2265 aliquam
679 2184 751 2247 mihi
770 2183 880 2248 bonam
897 2202 974 2267 gra-

46 2264 139 2328 tiam‘*
160 2267 312 2350 quaesisso
332 2264 448 2344 videor,
471 2272 505 2330 ut
527 2269 635 2332 multas
656 2287 706 2332 mc
728 2268 842 2332 etiam⁶
864 2268 974 2332 simul-

47 2351 120 2412 tates
151 2354 264 2433 partim
296 2350 460 2426 obscuros,
505 2352 615 2432 partim
646 2358 766 2433 apertas
794 2352 975 2434 intelligam,
1015 2417 1017 2432 ,

48 2431 116 2494 mihi
135 2453 200 2499 non
219 2433 421 2510 necessarios,
443 2433 530 2497 vobis
552 2451 614 2498 non
637 2435 768 2512 inutiles,
789 2437 974 2518 suscepisse.

49 2511 106 2578 Sed
128 2536 190 2602 ego
214 2537 264 2583 me
287 2517 347 2579 hoo
379 2515 497 2579 honore
529 2517 705 2601 preditum,
744 2518 834 2582 tantis
863 2518 975 2582 vestris

50 2593 202 2666 benefieiis
225 2601 376 2678 affectum,
397 2600 497 2678 statui,
518 2601 661 2682 Quirites,
681 2607 812 2666 vostram
833 2602 976 2666 volunte-

51 2682 107 2744 tem
138 2691 169 2748 et
197 2686 245 2751 roi
277 2683 406 2767 publice
436 2683 614 2767 dignitatem
642 2693 673 2749 et
696 2687 823 2750 salutem
845 2685 976 2768 provin-

53 2763 162 2831 ciarum
195 2777 288 2852 atque
311 2767 463 2832 sociorum
495 2770 571 2832 meis
595 2770 734 2836 omnibus
758 2770 924 2834 commodis
945 2773 977 2834 et

53 2850 216 2918 rationibus
236 2851 384 2936 preferre
406 2858 559 2935 oportere.

56 2981 281 3006 *m*-

89 3035 977 3121 ¹R-mmm¹ssE-me¹R—m

90 3145 149 3200 ego.
183 3130 246 3188 οΕ.
268 3131 418 3186 -bonam
437 3149 475 3201 gr.
494 3130 567 3185 mihi.
606 3130 668 3184 ili.
685 3157 722 3170 ··-
738 3149 786 3190 oso.
804 3151 856 3192 me.

292 3455 745 3482 m
