2490 4316
196 293 198 303 Α
233 235 519 298 rnrnrnrrca
546 236 778 320 secusne
914 200 967 319 aaa

41 417 99 482 tus²
124 433 143 482 a
164 421 209 493 te,
231 418 266 478 tu
285 431 303 478 a
323 431 373 477 me
394 414 571 478 observatus
587 413 619 478 in
636 411 784 497 petitione
798 417 967 495 questura.

42 501 103 574 Ouo
128 498 253 580 quidem
275 504 413 581 tempore
436 497 468 560 P.
490 495 650 576 Clodium,
689 496 874 578 approbante
904 512 968 579 poe

42 585 107 665 pulo
130 582 282 660 Romano,
306 582 338 644 in
359 581 429 644 loro
449 599 483 644 es
506 587 632 644 conatus
655 579 812 656 occidere3
856 597 967 661 qnum-

29 686 95 747 ‘que
125 683 192 728 eam
223 681 289 728 rem
320 672 372 728 tua
401 670 510 745 sponte
540 681 707 742 conarere,
741 679 804 725 non
834 662 967 745 impulsu

41 767 114 827 meo,
143 753 247 810 tamen
271 749 312 812 ita
334 748 531 830 praedicabas,
555 753 585 809 te
608 765 671 810 non
694 745 878 824 existimare,
905 745 966 810 nisi

42 833 117 894 illum
144 830 378 910 interfecisses,
410 849 551 912 umquam
580 830 653 893 mihi
678 847 737 912 pro
767 829 826 892 tuis
857 830 889 892 in
916 847 966 898 mc

42 915 151 978 iniuriis
172 915 249 980 satis
273 927 343 977 esse
371 913 528 977 iacturum.
575 913 609 975 ln
639 929 699 994 quo
729 912 879 992 demiror,
910 931 966 976 cur

42 998 175 1060 Milonem
197 998 332 1078 impulsu
353 1014 421 1060 meo
443 1015 508 1060 rem
529 997 611 1060 illam
633 997 736 1080 egisse
757 995 851 1074 dicas,
873 1013 966 1077 quum

43 1087 85 1157 te,
104 1081 183 1144 ultro
207 1082 283 1144 mibi
305 1081 385 1143 idem
406 1081 480 1144 illud
502 1079 705 1158 deferentem,
726 1097 886 1161 numquam
908 1081 967 1142 sim

44 1164 228 1243 adhortatus,
266 1165 455 1246 quonian²‚
494 1165 521 1226 si
546 1165 578 1226 in
599 1180 637 1226 eo
658 1175 893 1245 perseverares,
927 1161 966 1226 ad

43 1253 114 1310 taam
137 1249 270 1332 gloriam
293 1261 359 1310 rem
391 1247 473 1310 illam
500 1246 611 1309 referri
638 1247 784 1310 malebam
813 1263 903 1328 quam
926 1244 966 1308 ad

42 1349 131 1394 meam
153 1331 295 1414 gratiam.
334 1330 474 1404 Questor
495 1347 528 1394 es
550 1329 656 1394 iactus.
687 1329 805 1392 Deinde
823 1329 1013 1398 continuom

43 1415 102 1476 sine
122 1414 402 1503 senatusconsulto,
435 1415 503 1477 sine
524 1419 624 1490 sorte,
654 1412 722 1476 sine
744 1413 815 1497 lege
836 1413 875 1476 ad
896 1410 967 1486 ee.

44 1515 134 1559 sarem
169 1497 343 1562 cucurristi.
399 1497 432 1561 ld
456 1498 537 1559 enim
557 1515 648 1558 unum
671 1497 702 1558 in
726 1497 816 1559 terris
839 1503 967 1580 egesta·
1046 1505 1047 1512 ’

44 1579 96 1659 tis,
123 1581 192 1644 aris
214 1581 327 1659 alieni,
360 1581 517 1662 nequitie,
547 1579 675 1662 perditis
696 1577 766 1642 vita
788 1579 968 1660 rationibuS,

44 1663 210 1747 perfugium
233 1682 305 1727 esse
329 1659 471 1728 ducebas.
512 1662 611 1726 lbi'te
633 1680 724 1744 quum
746 1669 778 1724 et
800 1662 883 1726 illius
900 1663 968 1726 lar·
1001 1661 1004 1666 ’

45 1747 199 1827 gitionibus
233 1753 266 1810 et
299 1747 359 1810 tnis
391 1744 508 1828 rapinis
541 1745 730 1827 explevisscs
764 1744 804 1826 (si
833 1745 892 1808 hoc
921 1751 970 1810 est

46 1829 190 1910 explere*
203 1832 241 1910 ⁸,
272 1830 354 1913 quod
375 1831 475 1900 statim
497 1824 670 1910 ellandus),
702 1828 967 1912 advolastiegens

46 1911 78 1972 ad
99 1913 298 1992 tribunatum,
318 1920 351 1978 ut
372 1914 404 1977 in
426 1931 464 1977 eo
490 1914 682 1996 magistratu,
706 1911 735 1974 si
757 1929 886 1995 posses,
909 1913 968 1978 viri

47 1995 83 2057 tui
105 1997 212 2060 similis
235 2013 334 2060 esses.
563 2020 565 2022 ·

126 2079 267 2162 Accipite
291 2096 520 2162 nunqqnoeso,
543 2095 606 2146 non
629 2097 687 2156 ea,
701 2095 768 2160 que
791 2077 910 2160 ipsein
931 2095 969 2144 se

48 2165 129 2244 atque
151 2164 183 2226 in
206 2164 406 2240 domesticum
435 2163 558 2226 decus⁴
592 2163 710 2245 impuro
739 2168 828 2244 atque
855 2163 968 2228 intena-

47 2252 197 2325 peranler‚
230 2247 288 2309 sed
311 2263 379 2328 quae
402 2247 434 2309 in
458 2264 514 2309 nos
538 2246 736 2329 fortunasque
764 2252 903 2320 nostras,
935 2246 969 2310 id

49 2332 105 2404 est,
136 2329 168 2392 in
189 2331 365 2394 universam
385 2347 451 2391 rem
473 2329 643 2410 publicam,
675 2329 768 2411 impie
791 2347 828 2392 ac
850 2329 969 2394 nelarie

49 2404 155 2475 lecerit.
202 2413 254 2477 Ab
271 2413 373 2475 'huius
406 2413 487 2490 enim
519 2412 640 2474 scelere
665 2413 808 2509 omnium
821 2413 969 2476 malonam

50 2493 221 2578 principium
246 2501 346 2560 natum
368 2495 538 2577 reperietis.
572 2494 646 2558 Nam
665 2512 766 2577 quum
783 2493 817 2557 L.
828 2493 969 2575 Lentulo,
979 2521 1013 2572 51

51 2571 239 2643 duaceno
262 2579 457 2658 consulibus,
480 2577 623 2642 Kalendis
647 2578 794 2642 Ianuariis
818 2578 970 2642 labantem
1065 2623 1068 2634 .

50 2662 77 2749 cl
94 2678 187 2744 prope
221 2662 378 2726 cadentem
405 2681 471 2724 rem
499 2661 651 2744 publicam
679 2661 788 2727 lolcire
816 2663 970 2743 cuperetis

51 2743 161 2824 ipsique
183 2743 217 2808 (l.
242 2745 373 2823 Caesari,
408 2745 437 2808 si
460 2751 658 2808 emanente
679 2751 778 2822 esset,
807 2743 971 2810 consulere

51 2823 170 2908 velletis,
191 2835 254 2893 tum
276 2830 334 2892 iste
357 2827 510 2892 venditum
532 2835 621 2910 atque
635 2828 853 2910 emancipatum
870 2829 972 2892 tribu-

51 2913 143 2972 natum
163 2913 301 2976 consiliis
327 2912 435 2985 vestris
456 2913 600 2994 opposuit
623 2912 821 2994 cervicesque
844 2929 914 2976 suas
937 2912 971 2977 ei

52 2988 171 3082 sobiecit
192 2995 305 3072 securi,
332 3013 391 3078 qua
412 2994 496 3058 multi
515 2995 681 3059 minoribus
704 2995 736 3056 in
756 2995 890 3077 peccatis
911 3012 971 3060 oc-

52 3071 189 3167 ordemnt
236 3078 270 3141 ln
292 3085 333 3156 te,
355 3077 393 3142 lll.
415 3079 537 3156 Antoni,
566 3077 598 3140 id
621 3077 755 3140 decrevit
775 3087 910 3159 senatus,
940 3085 972 3143 et

54 3157 164 3231 qudem
187 3160 368 3240 incolumis,
398 3162 531 3224 nondum
549 3166 595 3224 tot
617 3161 780 3224 luminibus
802 3164 972 3241 exstinctis,

54 3241 125 3334 quod
155 3244 187 3306 in
216 3244 334 3308 bostem
362 3252 498 3328 togatum
528 3245 651 3308 decerni
674 3251 721 3308 est
738 3244 863 3308 'solitum
884 3263 971 3309 more

53 3333 200 3412 lucrorum.
243 3328 280 3390 Et
302 3335 335 3391 tu
356 3328 436 3411 apud
456 3335 558 3412 patres
585 3329 773 3410 conscriptos
796 3335 900 3392 contra
921 3347 973 3392 me

55 3397 149 3468 dicere
171 3427 263 3474 ausus
286 3429 337 3491 es,
369 3431 460 3493 quum
481 3413 517 3476 ab
538 3411 599 3475 boc
622 3412 730 3480 ordine
752 3429 812 3494 ego
841 3429 972 3475 conser-

53 3491 131 3551 vator
151 3510 262 3574 essem,
285 3501 318 3558 tu
336 3495 433 3560 bostis
453 3496 648 3578 reipublice
668 3493 844 3560 iudicatus?
877 3493 973 3558 Com-

55 3609 275 3638 Ἣ

88 3759 99 3791 a
124 3693 186 3782 Vct..
197 3725 233 3782 7-
250 3699 335 3753 cultus
353 3715 420 3754 sum.
491 3699 506 3732 ²
526 3701 591 3754 cont.
607 3673 727 3754 Maeotii.
746 3723 780 3738 -
799 3697 972 3772 Quamquam.

85 3763 345 3896 ῃΒῖίῖθοὲῗιοιιὲῗιιιιίηι
362 3787 386 3825 ν.
403 3768 488 3828 aaut
505 3772 616 3827 certum.
634 3795 671 3810 -·
689 3770 833 3880 &nenda
870 3772 974 3827 ⁴coat
1019 3853 1021 3862 Ι
