2468 4318
209 285 216 288 .
273 240 311 290 Ν
579 231 817 289 ORATIO
860 231 896 288 ΙΙ.

271 405 394 471 invidie
421 421 516 484 mere,
547 423 653 470 rerum
682 405 771 470 etiam
801 405 870 470 ritae
890 405 1027 490 periculo
1053 404 1185 470 sustulis-

243 510 347 562 esem.
394 491 456 556 Sed
475 509 567 573 quum
589 490 743 569 viderem,
774 509 815 554 ne
842 493 931 555 vobis
954 485 1076 574 quidem
1099 492 1187 553 omoi-

270 576 329 638 bus
349 593 385 638 re
406 577 497 637 etiam
519 580 582 636 tum
600 575 748 655 probata,
779 576 806 638 si
829 575 930 653 illum,
958 581 990 639 ot
1013 580 1081 637 erat
1104 574 1187 636 meri-

270 665 336 736 tus,
357 665 455 722 morto
478 658 670 734 multonem,
693 657 780 736 lore,
809 665 843 722 ut
865 661 933 722 eius
955 659 1060 723 socios
1086 657 1187 720 invidio

215 785 220 794 -
271 759 438 825 oppressus
461 742 606 822 persequi
627 759 689 804 nou
709 759 851 823 possem,
889 761 954 806 rem
984 742 1044 806 huc
1075 740 1187 817 deduxi,

269 832 304 888 ut
316 832 379 888 tum
402 825 501 907 palam
525 843 664 907 pugnare
683 828 827 906 possetis,
849 845 941 909 quum
957 827 1076 890 hostem
1094 829 1186 906 aperte

270 909 426 971 videretis
492 908 590 982 Quem
622 910 744 989 quidem
776 928 837 992 ego
872 910 1008 988 hostem,
1052 909 1186 984 Quirites,

258 1011 359 1073 apuam
381 991 577 1055 venementer
596 990 674 1055 foris
696 1011 767 1056 esse
788 994 951 1057 timendum
973 1000 1097 1077 putem,
1127 991 1186 1052 licet

269 1075 341 1138 lrioc
365 1075 560 1160 intelligatiS,
593 1076 675 1156 quod
707 1079 797 1139 etiam
825 1078 926 1141 illud¹
957 1079 1089 1141 moleste
1119 1074 1187 1148 lero,

269 1159 352 1241 qood
373 1177 414 1222 ex
433 1161 510 1222 urbe
532 1177 639 1242 parum
661 1161 820 1223 comitatus
841 1163 959 1225 exierit
1002 1161 1122 1224 Utinam
1142 1156 1184 1218 ille

268 1260 376 1306 omues
410 1260 515 1306 secum
549 1261 621 1306 suas
659 1245 765 1325 copias
804 1244 975 1308 eduxisset!
1022 1242 1186 1326 Tongilium

267 1326 342 1389 milri
370 1327 492 1403 eduxit,
538 1345 629 1409 quem
651 1345 754 1390 amare
775 1328 806 1390 in
827 1328 997 1410 pretenta²
1031 1329 1185 1409 coeperat;

266 1409 434 1472 Publicium
457 1415 488 1472 et
509 1410 689 1488 Munatium,
723 1429 851 1493 quorum
880 1429 934 1476 aes
959 1413 1093 1476 alienum
1118 1425 1184 1471 eon-

266 1499 392 1557 traetum
413 1495 445 1557 in
473 1495 613 1577 popina³
644 1495 759 1558 nullum
787 1497 833 1557 rei
856 1496 986 1578 publicae
1008 1503 1123 1560 motum
1145 1488 1186 1551 al-

266 1577 351 1642 ierre
373 1584 511 1660 poterat;
539 1578 664 1659 reliquit
685 1595 762 1661 quos
783 1579 885 1641 viros!
916 1586 1027 1662 quanto
1049 1596 1115 1642 aere
1134 1573 1184 1637 ali-

196 1652 369 1728 3seno⁴l
410 1681 499 1744 quam
526 1661 677 1725 valentes!
717 1680 806 1744 quam
827 1663 962 1738 nobilest
1001 1663 1108 1746 ltaque
1134 1669 1184 1737 ego

173 1789 175 1796 ·
268 1747 352 1809 illum
374 1747 540 1808 exercitum
560 1750 590 1807 et
615 1745 779 1808 Gallicanis
801 1746 976 1828 legionibus
999 1753 1030 1808 et
1055 1747 1116 1808 hoo
1135 1741 1183 1804 de-

266 1829 368 1906 lectu,
401 1847 489 1910 quem
512 1831 543 1891 in
567 1845 642 1910 agro
665 1827 778 1892 Piceno
801 1837 831 1892 et
854 1829 972 1892 Gallico
997 1829 1032 1903 Ο.
1052 1826 1183 1900 Metellus

265 1913 386 1990 lrabuit,
406 1919 437 1975 et
458 1911 506 1974 lris
528 1911 644 1992 copiis,
667 1929 734 1994 quae
756 1931 774 1975 a
795 1913 885 1976 nohis
910 1914 1044 1994 quotidie
1068 1925 1183 1991 compt-

264 2004 389 2074 rantur,
411 2013 522 2077 magno
546 2011 641 2075 opere
660 2001 837 2072 contemno,
862 1997 1086 2060 collectum'ex
1107 1991 1181 2059 seni·
1222 2003 1223 2038 ὲ

264 2080 322 2144 bus
345 2079 531 2160 desperatis,
562 2095 603 2140 ex
625 2080 741 2161 agresti
764 2079 900 2156 luxuria,
930 2097 970 2142 ex
990 2082 1112 2143 rusticis
1134 2076 1182 2139 de·

264 2163 459 2239 coctoribus,
491 2179 530 2223 ex
561 2161 617 2239 iis,
653 2163 706 2243 qui
735 2164 906 2226 uadimonia
934 2164 1081 2226 deserere
1103 2174 1181 2246 quam

265 2246 350 2308 illum
372 2245 537 2307 exercitum
558 2245 744 2324 maluerunt;
790 2247 899 2328 quibus
929 2265 989 2329 ego
1013 2265 1076 2311 non
1100 2242 1180 2309 modo

264 2330 292 2393 si
318 2330 414 2392 aciem
441 2329 595 2392 exereitus
618 2330 732 2407 nostri,
768 2348 873 2393 rerum
898 2331 987 2393 etiam
1011 2331 1039 2394 si
1060 2331 1180 2395 edictum

264 2413 405 2496 pretoris
436 2414 619 2491 ostendero,
656 2412 825 2476 concident.
872 2413 955 2492 llos,
993 2432 1070 2496 quos
1100 2411 1179 2476 video

264 2497 394 2560 volitare
415 2498 446 2559 in
468 2495 556 2572 loro,
578 2513 656 2578 quos
679 2502 760 2564 store
782 2498 820 2559 ad
840 2499 974 2576 curiam,
997 2516 1075 2580 quos
1100 2496 1178 2560 etiam

263 2581 296 2642 in
318 2589 456 2645 senatum
477 2581 594 2656 venire,
615 2581 667 2661 qui
682 2581 777 2642 nitent
798 2599 837 2644 un
883 2583 972 2658 entis,
997 2583 1048 2663 qui
1071 2577 1178 2663 fulgent

260 2682 411 2747 purpura,
433 2663 554 2727 mallem
579 2681 682 2726 secum
705 2681 779 2728 suos
801 2667 843 2726 mi
857 2667 914 2727 ites
937 2665 1093 2728 eduxisset
1100 2686 1109 2742 3
1134 2657 1178 2741 qui

261 2751 288 2810 si
311 2747 360 2810 lrie
388 2753 582 2831 permanent,
614 2754 814 2824 mementote,
850 2766 911 2811 non
940 2755 1000 2811 tam
1023 2748 1176 2811 exercitum

260 2831 345 2893 illum
368 2849 438 2894 esse
462 2829 550 2893 nobis
574 2849 664 2912 quam
685 2830 752 2908 hos,
783 2833 834 2912 qui
852 2834 1017 2896 exercitum
1037 2833 1176 2895 deserue-

261 2920 339 2992 runt,
361 2913 629 2998 pertimescendos.
672 2913 773 2996 Atque
787 2914 846 2978 hoc
864 2917 954 2979 etiam
975 2922 1045 2979 sunt
1062 2907 1175 2978 timendi

259 2999 368 3080 magis,
394 2998 486 3082 quod,
518 2998 590 3079 quid
612 2999 756 3081 cogitent,
781 3017 830 3061 me
851 3001 931 3063 scire
952 3001 1095 3077 sentiunt,
1126 3011 1174 3058 ue·

230 3100 320 3164 sque
347 3089 446 3144 tamen
477 3089 699 3163 permoventur.
753 3082 869 3162 Video,
906 3085 956 3146 oui
984 3085 1025 3146 sit
1049 3073 1175 3165 Apulia‘

259 3166 416 3243 attributa,
449 3167 518 3247 quis
545 3165 655 3228 habeat
675 3166 841 3244 Etruriam,
875 3169 944 3249 quis
965 3185 1071 3250 agrum
1094 3166 1173 3228 Pice-

258 3265 347 3328 num,
405 3251 452 3312 uis
474 3248 638 3328 Gallicum,
715 3250 766 3312 is⁶
796 3251 855 3313 sibi
877 3251 932 3313 luas
952 3251 1084 3314 urbanas
1105 3244 1172 3312 insi·

213 3381 214 3388 ι
259 3333 325 3396 dias
349 3333 440 3396 caedis
465 3338 553 3414 atque
582 3335 792 3396 incentorum
817 3334 1030 3417 depoposcerit
1038 3355 1048 3410 ;
1083 3329 1171 3396 omnia

255 3417 425 3498 superioris
448 3417 545 3481 noetis
568 3417 696 3479 consilia
713 3417 751 3478 ad
765 3435 814 3480 me
829 3417 927 3480 delato
944 3435 1014 3482 esse
1032 3416 1170 3482 sentioolt

257 3499 389 3604 patefeci
408 3499 440 3564 in
460 3506 568 3563 senatu
588 3499 733 3564 hesterno
763 3501 831 3579 die;
866 3500 995 3566 Catilina
1017 3502 1084 3585 ipse
1105 3512 1170 3586 per·

294 3716 489 3772 ¹illudetiam.
525 3719 541 3752 ¹
560 3721 834 3788 pretextacalomnia.
871 3723 1036 3790 'popinam
1073 3713 1167 3773 ‘codd

290 3785 348 3836 odd·
367 3797 427 3844 cett.
450 3790 587 3843 -alieno
606 3807 668 3844 rere.
712 3791 817 3845 ‘acon
838 3819 868 3831 -
888 3793 966 3862 Apul.
985 3797 1026 3848 sit,
1073 3783 1166 3844 ‘carli

290 3853 348 3909 “tl
369 3865 429 3911 ⁹⁶¹¹·
446 3881 482 3897 ··
501 3867 594 3930 quen
614 3862 659 3929 qus
675 3878 726 3930 ero
743 3863 810 3931 suia·
909 3911 917 3924 .
