2468 4318
246 231 298 282 roo
390 179 393 192 ¹
549 193 789 283 obnuit>
818 221 869 282 tlt.

879 333 897 365 Χ

110 394 114 406 ’
244 399 367 484 publica
387 401 580 476 conservata,
612 396 799 480 reliquorum
820 401 936 462 mentm
957 397 1061 462 unat
1083 417 1187 482 posse

243 485 448 548 arbitraretur.
482 481 593 563 ¹litque
616 483 706 544 ctiam
728 481 910 562 supplicatio
932 480 990 544 diis
1014 482 1186 548 immorta-

244 569 323 632 libus
343 585 400 650 pro
426 565 574 648 singulari
597 583 703 628 eorum
724 565 833 627 merito
867 581 935 626 meo
963 565 1090 630 nomine
1119 568 1186 630 dc-

127 701 137 714 .
243 658 326 715 creta
350 656 408 726 est,
430 648 583 725 Quirites3
605 648 687 731 qdod
707 648 780 712 milri
802 648 930 730 primum
951 655 1021 729 post
1044 650 1183 714 urburn¹

242 734 394 798 conditam
418 737 522 814 togato
546 733 691 814 contigit3
725 738 753 794 ct
774 730 821 795 bis
845 732 966 796 decreta
986 733 1094 796 verbis
1122 742 1187 814 est,

243 821 323 900 parad
352 815 458 878 abab
484 816 655 890 incendiis,
687 815 772 878 coedc
802 816 904 888 cicer,
937 815 1186 892 ltaliambctto

127 947 128 951 η
242 901 430 964 liberassem.
485 898 560 973 Qum
589 899 771 982 supplicatio
796 899 823 961 si
852 918 921 963 oum
952 900 1065 964 eetcms
1094 921 1186 984 sup-

241 982 454 1068 plicationibus
479 982 665 1061 conteratur,
686 983 829 1061 Quirites,
856 982 915 1045 boc
936 984 1067 1061 intersit,
1091 987 1186 1065 quod

239 1073 353 1131 cetere
377 1066 456 1128 bene
477 1073 583 1148 gesta,
616 1067 681 1128 baec
713 1085 773 1129 una
793 1071 1026 1129 conservatore
1049 1068 1186 1148 publica

194 1210 204 1230 ,
240 1152 402 1214 constituta
422 1157 479 1212 est.
521 1150 621 1230 Atque
642 1150 728 1228 illud,
746 1149 828 1231 quod
847 1149 1018 1214 faciendum
1039 1153 1185 1232 primum

239 1235 315 1314 luit,
330 1233 459 1312 'iactum
489 1239 581 1315 atquo
601 1239 782 1296 mansuetum
804 1239 859 1296 est.
906 1232 979 1297 Nam
1001 1232 1032 1296 P.
1054 1233 1185 1300 lenum

241 1319 306 1397 lus,
340 1335 537 1400 quamquam,
571 1316 742 1400 patefactus
765 1315 886 1380 indiciis
909 1324 940 1380 et
960 1315 1186 1382 mdesaioni-

239 1401 297 1466 bus
316 1401 399 1479 suis,
431 1399 544 1464 iudicio
575 1407 697 1464 senatus
723 1418 790 1464 non
820 1400 911 1463 modo
939 1403 1082 1482 proteris
1116 1403 1185 1482 ius,

239 1503 345 1549 verum
375 1484 466 1547 etiam
494 1484 571 1547 civis
599 1485 758 1561 amiserat,
795 1489 896 1546 tamcn
926 1484 1108 1567 magistratu
1144 1507 1184 1550 sc

239 1569 398 1647 abdicavit,
419 1574 463 1646 ut,
486 1585 554 1650 que
574 1569 686 1652 religio
708 1566 743 1630 C.
764 1565 871 1645 llario,
898 1567 1070 1631 clarissimo
1092 1571 1183 1649 viro,

238 1652 443 1729 pantocrat,
476 1669 537 1733 quo
565 1653 663 1718 minus
687 1651 721 1714 O.
743 1649 916 1729 Glauciam,
948 1651 987 1713 da
1008 1669 1074 1731 quo
1094 1655 1184 1717 nibil

237 1737 415 1799 namnetim
437 1740 502 1796 erat
531 1734 704 1814 decretum,
735 1741 895 1818 pretorem
924 1734 1100 1815 occideret,
1141 1757 1184 1802 ea

234 1837 295 1882 nos
316 1819 468 1902 religiono
496 1818 528 1880 in
556 1820 674 1900 priuato
697 1819 730 1882 P.
754 1816 884 1880 Lentulo
906 1817 1062 1900 puniendo
1088 1821 1184 1884 libe.

235 1919 381 1966 raremur.

129 1991 225 2064 ,7η
324 1985 431 2064 Nunc,
460 1985 620 2068 moniam,
650 1981 803 2061 Quirites,
828 1983 1057 2050 sceleratissimi
1079 1981 1183 2066 perit.

235 2070 479 2150 culosissimique
512 2069 599 2166 belli
616 2065 763 2164 nefarios·
784 2067 878 2130 duces
909 2075 1013 2150 captos
1043 2068 1106 2133 iam
1148 2079 1184 2136 ct

189 2323 191 2330 p
232 2153 648 2318 {diffidam
670 2151 1183 2330 salamantinam

234 2321 279 2384 sis
300 2319 384 2382 urbis
405 2321 571 2402 periculis,
602 2317 783 2380 concidisse.
841 2317 937 2392 Quem
960 2317 1083 2400 quidem
1105 2337 1182 2406 ego

182 2443 184 2449 ι
225 2419 327 2488 'quum
347 2420 389 2466 ex
409 2405 485 2466 urbe
501 2401 732 2485 depellebant,
753 2401 813 2464 boc
832 2402 1028 2484 providebam
1050 2405 1183 2485 annno,

108 2555 110 2570 ,
234 2487 386 2566 Quirites,
419 2495 539 2550 remoto
565 2485 691 2548 Catilina
714 2485 804 2546 non⁸
838 2485 912 2550 mibi
933 2503 1002 2548 esse
1024 2484 1057 2548 P.
1080 2486 1182 2552 ben-

233 2571 289 2634 tali
312 2589 451 2634 somnam
474 2588 532 2632 noc
552 2570 586 2632 L.
609 2567 706 2632 Cassii
722 2563 860 2650 'adipes‘
892 2587 950 2632 nec
976 2568 1008 2631 C.
1033 2567 1182 2655 Cethegi

233 2653 381 2716 furiosam
395 2655 593 2717 temeritatem
608 2651 887 2734 pertimescendam.
930 2653 984 2714 llle
1001 2659 1068 2715 erat
1086 2672 1182 2720 unus

98 2791 101 2796 .
233 2737 385 2800 timendus
405 2755 446 2798 ex
465 2737 513 2800 tris
535 2736 692 2812 omnibus,
718 2734 775 2798 sed
796 2736 926 2816 tamdiu,
950 2736 1019 2798 dum
1039 2742 1181 2802 moeni-

233 2820 291 2884 bus
312 2822 396 2884 urbls
417 2821 636 2884 continebatur.
683 2817 790 2881 Omnia
811 2826 908 2896 norat,
940 2819 1072 2882 omnium
1095 2822 1180 2884 adi-

231 2910 281 2966 tus
302 2905 441 2980 tenebam
482 2904 654 2987 appellare,
684 2907 817 2980 tentare,
846 2903 1012 2968 sollicitare
1030 2909 1180 2985 poterat,

175 2991 178 2999 '
231 2987 377 3064 audebam
411 2994 477 3050 orat
499 2990 530 3051 oi
548 2987 709 3050 eonsilium
730 2986 768 3048 ad
789 2986 907 3049 lacinus
934 2993 1050 3064 atum,
1081 3004 1177 3054 con.

227 3071 301 3135 ‘silio
324 3077 546 3153 antemnaque
571 3072 674 3154 lingua
694 3087 794 3150 neam
818 3088 924 3133 manus
946 3006 1060 3132 georas
1099 3070 1175 3136 lam

180 3165 182 3174 ’
230 3155 270 3218 ad
290 3159 388 3218 certas
418 3173 470 3218 res
493 3153 695 3218 conficiendas
717 3160 821 3218 certos
852 3154 991 3216 homines
1023 3152 1176 3221 dolestos

230 3253 267 3301 ac
290 3239 460 3320 descriptos
482 3239 620 3301 babebat.
665 3237 772 3318 Neque
795 3251 889 3314 uero,
923 3255 1016 3320 quiam
1044 3237 1175 3319 aliquid

229 3323 440 3400 mandauerat,
475 3321 646 3385 conlectum
669 3321 800 3404 putabat.
849 3320 930 3392 Nihil
959 3327 1043 3397 erat,
1077 3325 1173 3402 quod

146 3405 151 3428 ¹
212 3422 289 3468 ‚non
306 3407 372 3487 ipse
390 3406 500 3484 obiret,
517 3411 700 3482 occurreret,
720 3405 870 3487 vigilaret,
894 3405 1054 3467 laboraret.
1091 3405 1173 3468 Fri-

184 3506 306 3571 1rgns‚
336 3491 435 3567 sitim,
466 3489 575 3551 lauram
596 3487 680 3552 ieme
702 3494 829 3568 poterat.
872 3483 958 3551 llunc
976 3506 1036 3571 ego
1054 3487 1171 3551 homi..

228 3592 297 3634 nero
321 3579 380 3634 tam
402 3591 520 3650 acrem,
555 3579 614 3636 tam
635 3579 792 3654 paratum,
824 3578 883 3635 tam
905 3572 1066 3650 audacem,
1099 3579 1169 3638 tarn

229 3701 458 3716 Μ

267 3777 275 3808 ¹
300 3775 683 3846 codd—posthancurbom.
721 3779 893 3846 'pollebam
926 3782 1010 3834 ³nec.
1044 3747 1062 3812 Ι*
1080 3783 1165 3834 cabod.

263 3845 334 3898 codd.
353 3873 386 3886 -—
409 3851 521 3916 adipem.
