2468 4318
286 199 321 250 dd
433 222 439 232 ι
633 191 870 252 omnnio

284 363 511 448 rempublicam
527 366 765 432 conservandam
778 369 868 448 atque
883 363 1122 448 amplificandam
1132 387 1190 432 oon-

173 427 220 517 l.7
238 446 414 514 eoloratis?
454 448 547 522 oued
568 451 596 512 si
617 449 720 514 llomae
741 449 796 535 Cn.
819 449 980 532 Pompeius
1002 452 1136 532 privatus
1153 472 1192 516 es·

283 540 332 600 set
354 531 414 596 hoe
436 539 591 612 tempore,
624 539 724 598 tamen
757 534 796 598 ad
823 539 936 598 tantum
959 533 1077 598 bellum
1099 537 1125 602 is
1145 542 1194 598 erat

282 615 463 699 deligendus
485 621 574 696 atque
596 617 775 695 mittendus3
807 635 898 693 nuno,
921 635 1012 699 qumn
1037 619 1084 682 ad.
1098 627 1194 682 ceteras

282 717 414 766 summas
441 700 584 762 utilitates
611 700 675 763 haeo
702 717 826 782 quoque
855 703 1068 783 opportunitas
1104 704 1194 766 adinn-

278 790 387 868 gatur,
415 787 448 845 ut
469 783 501 846 in
524 782 562 846 iis
583 783 658 865 ipsis
680 784 757 847 locis
777 784 870 861 adsit,
904 791 938 848 ut
958 785 1071 847 habeat
1092 787 1195 850 exemi·

278 875 364 943 tum,
394 871 427 930 ut
448 866 484 930 ab
506 866 562 944 iis,
592 868 644 948 qui
668 867 796 946 habent,
821 867 960 950 accipere
982 869 1087 932 statim
1107 871 1195 952 possit

281 951 355 1031 quid
373 951 609 1032 exspectamus?
632 959 684 1014 aut
700 969 755 1026 our
771 966 848 1028 non,
865 951 992 1015 ducibus
1008 951 1070 1016 diis
1088 955 1196 1016 immor-

232 1049 234 1055 *
278 1033 409 1112 talibus,
444 1034 558 1111 eidem,
591 1035 640 1098 eui
665 1041 767 1099 cetera
793 1053 907 1098 summa
937 1053 1005 1096 eum
1038 1037 1136 1100 salute
1162 1035 1195 1096 rei

278 1117 409 1200 publiea
432 1118 592 1182 commissa
613 1125 700 1198 sunt,
724 1118 785 1180 lroe
808 1135 930 1200 quoque
952 1118 1071 1188 bellum
1094 1121 1193 1204 regium

281 1202 500 1264 committamus
513 1201 550 1262 ¹?

235 1297 270 1347 tt
371 1284 413 1348 Ar
434 1285 514 1347 enim
534 1284 581 1349 vir
603 1283 807 1361 clarissimus,
842 1284 1067 1350 amantissimus
1086 1284 1132 1348 rei
1151 1299 1196 1364 pu·

157 1423 160 1430 .
280 1368 380 1447 blioae,
403 1368 511 1433 ¹vestris
537 1366 693 1432 benefieiis
714 1367 908 1450 amplissimis
930 1367 1070 1448 affectus,
1095 1368 1130 1442 Ο.
1149 1365 1195 1428 Ga·
1218 1363 1219 1398 ³

283 1453 373 1529 tulus,
404 1451 536 1534 itemque
560 1452 684 1514 summis
705 1453 889 1514 ornamentis
910 1450 1049 1536 honoris,
1074 1453 1196 1523 fortuna,

283 1535 418 1616 virtutis,
452 1535 568 1620 ingenit
597 1535 759 1616 preditus,
793 1535 828 1608 Q.
852 1534 1054 1614 Hortensius,
1092 1537 1128 1600 ab
1154 1533 1196 1594 lat

282 1621 402 1686 radone
426 1619 624 1694 dissentiunt;
667 1637 796 1700 quorum
820 1635 880 1701 ego
901 1620 1114 1682 auctoritatem
1134 1612 1197 1698 apud

154 1729 159 1744 ·
284 1721 340 1768 vos
362 1703 462 1768 multis
486 1703 564 1766 loeis
586 1702 747 1783 plurimum
767 1702 901 1768 ualuisse
930 1707 960 1764 et
987 1703 1096 1766 valere
1118 1716 1196 1783 opor·
1218 1765 1219 1788 ,

280 1793 347 1850 tere
368 1785 535 1860 conliteor;
556 1783 612 1850 sed
636 1785 668 1849 in
690 1785 747 1848 hae
770 1803 872 1863 eausa,
893 1786 1010 1848 tametsi
1036 1801 1196 1868 eognosce-
1218 1793 1219 1870 ᾗ

282 1869 347 1934 tis²
367 1869 562 1933 auctoritates
589 1869 756 1932 contrarias
776 1870 911 1932 virorum
932 1868 1165 1936 fortissimorum
1176 1868 1197 1925 tl
1218 1925 1219 1936 ,

281 1953 518 2034 clarissimorum
530 1951 554 2031 ³,
582 1957 702 2030 tamen,
733 1953 854 2018 omissis
873 1952 1119 2032 auetoritatibus,
1145 1953 1219 2030 ipsat

280 2055 316 2101 re
338 2036 400 2101 ae⁴
420 2035 539 2098 ratione
560 2036 722 2117 exquirere
744 2054 907 2118 possumus
923 2036 1102 2113 veritatem
1124 2041 1196 2114 atque

280 2121 340 2184 hoo
360 2119 490 2194 facilius,
511 2118 593 2198 quod
614 2136 651 2182 ea
672 2119 783 2198 omnia,
803 2137 870 2201 quae
885 2139 902 2182 a
919 2122 967 2182 me
984 2119 1112 2184 adhun⁶
1135 2119 1195 2182 dicta
1218 2145 1219 2156 ι

279 2209 369 2281 sunt,
405 2201 497 2266 iidem
525 2200 576 2265 isti
599 2220 671 2268 vera
696 2219 766 2266 esse
790 2202 975 2281 concedunt,
1010 2209 1041 2266 et
1063 2218 1195 2267 necessa·

206 2297 207 2302 ’
278 2289 360 2350 rium
390 2285 503 2349 bellum
531 2303 602 2348 esse
630 2293 661 2348 et
682 2304 824 2370 magnum
849 2293 879 2348 et
899 2288 931 2351 in
954 2303 1016 2348 uno
1040 2285 1097 2350 Cn.
1120 2287 1195 2347 Pom·

234 2371 352 2456 sepeio
369 2387 484 2434 summa
500 2387 570 2432 esse
589 2370 698 2432 omnia.
742 2370 821 2444 Ouid
838 2369 930 2454 igitur
945 2369 985 2433 ait
1004 2363 1194 2434 Hortensius?
1218 2383 1219 2452 p

280 2455 314 2522 Si
334 2455 391 2518 uni
408 2453 508 2517 omnia
524 2453 683 2516 tribuenda
703 2453 772 2532 sint,
793 2472 886 2518 unum
909 2454 1121 2536 dignissimum
1141 2464 1196 2514 esse

278 2538 456 2621 Pompeium
468 2556 478 2614 ;
512 2536 567 2600 sed
592 2536 629 2599 ad
653 2554 744 2600 unum
765 2544 865 2601 tamen
887 2537 986 2600 omnia
1008 2537 1125 2600 deterri
1147 2548 1195 2596 non

170 2622 174 2628 “
280 2629 435 2705 oportere.
481 2619 640 2684 Obsolevit
660 2621 720 2684 iam
741 2622 798 2685 ista
821 2622 936 2698 oratio,
968 2637 1003 2683 re
1025 2621 1121 2684 multo
1142 2621 1219 2680 ma*

278 2710 329 2790 gis
351 2725 439 2788 quam
461 2704 564 2768 verbis
589 2703 728 2785 refutata.
774 2704 849 2768 Nam
875 2711 907 2767 tu
930 2703 1028 2780 idem,
1069 2705 1105 2778 Q.
1127 2702 1195 2764 Hor-

277 2791 379 2867 tensi,
402 2788 511 2866 multa,
535 2805 593 2869 pro
616 2795 667 2850 tua
688 2806 803 2852 summa
824 2789 913 2871 eopia
933 2806 969 2851 ao
987 2787 1137 2869 singulari
1156 2781 1195 2844 sa-

164 2916 169 2924 ·
279 2872 391 2936 eultate
420 2871 557 2949 dicendi,
600 2876 631 2934 et
659 2871 691 2934 in
717 2878 823 2935 senatu
852 2871 1075 2934 contravirum
1100 2871 1195 2934 larun

278 2955 317 3019 A.
342 2955 499 3020 Gabinium
521 2955 655 3037 graviter
675 2963 842 3038 ornateque
865 2955 978 3034 dixisti,
1003 2973 1095 3036 quum
1119 2955 1144 3016 is
1166 2950 1194 3011 de

198 3117 201 3122 ¹
277 3056 340 3103 uno
363 3039 545 3120 imperatore
569 3044 674 3102 eontra
693 3039 853 3122 predones
875 3038 1086 3103 constituendo
1108 3039 1194 3120 legen

205 3151 208 3158 ·
250 3121 520 3208 promulgasset,
564 3127 594 3184 et
623 3141 663 3184 ax
694 3123 754 3186 hoo
782 3122 850 3205 ipso
873 3122 943 3195 loeo
965 3122 1116 3204 permulta
1135 3115 1219 3185 irent

137 3277 142 3286 ,
232 3212 383 3275 moontm
405 3223 472 3268 eam
495 3203 622 3288 legem⁶
644 3207 739 3272 verba
761 3206 870 3270 iecisti.
914 3204 1017 3280 Quid?
1055 3212 1128 3285 tum,
1149 3213 1193 3284 per

277 3291 353 3354 deos
375 3287 575 3353 immortales!
621 3289 649 3352 si
672 3289 743 3372 plus
767 3291 846 3373 apud
874 3290 1020 3372 populum
1040 3289 1191 3352 Romanum

276 3375 437 3444 auotoritas
460 3379 511 3436 tua
540 3391 628 3454 quam
659 3374 756 3456 ipsius
778 3375 893 3461 *populi
922 3374 1050 3438 Romani
1071 3374 1150 3436 salus
1169 3371 1192 3428 tl

1218 3521 1219 3564 l

313 3587 322 3618 ¹
337 3583 374 3652 (lt.
394 3599 419 3642 et
437 3577 509 3643 eodd.
527 3590 584 3657 [ere
602 3609 696 3646 onmes.
713 3567 748 3632 -ἕ
768 3595 964 3647 committimus.
999 3591 1085 3646 ¹cod
1105 3593 1190 3646 monac·

311 3683 347 3696 -
363 3663 532 3728 cognoscitis.
585 3660 982 3719 ⁸1t.-s0n.vn.etctm.
1026 3663 1048 3718 .⁴
1068 3661 1100 3718 tt.
1117 3689 1148 3700 -
1164 3665 1189 3708 tl·

311 3713 374 3847 ’.Εἴ
394 3729 446 3793 H„
473 3731 530 3782 edd.
548 3739 606 3783 oatt.
632 3758 668 3769 -
685 3734 744 3786 adli.
764 3751 779 3786 a
798 3751 848 3786 me.
906 3731 918 3763 ⁸
939 3731 971 3786 Ε.
995 3732 1047 3814 Col.
1066 3761 1101 3770 —
1118 3735 1188 3798 legen

310 3813 378 3846 ern.
