2546 4310
278 287 314 336 20
579 271 856 336 ,onorio

281 452 354 517 lium
377 443 543 532 quendam,
580 443 848 524 Tarracinensem,
889 443 1042 510 bominem
1065 463 1129 511 non
1155 445 1220 510 ob-

282 552 422 613 scurum,
463 547 555 612 quum
574 535 720 593 coenatus
744 530 877 594 cubitum
903 529 935 592 in
958 529 1040 594 idem
1064 532 1218 594 conclave

282 636 351 682 eum
389 615 506 681 duobus
537 610 780 676 adolescentibus
818 611 889 677 liliis
926 611 1017 692 isset,
1057 616 1218 678 inventum

282 716 455 765 assemano
476 696 651 779 iugulatum.
690 695 788 770 Quum
803 713 903 778 neque
920 713 1029 760 servus
1052 697 1218 794 quisquam

201 813 205 828 ·
281 784 468 867 reperiretur
490 797 590 860 neque
612 778 699 858 liber,
724 779 871 860 adquam
895 797 930 842 ea
953 782 1091 863 suspicio
1113 782 1218 862 perti-

283 872 385 944 neret,
414 863 444 927 id
469 863 563 925 aetatis
584 868 683 924 autem
702 861 762 926 duo
782 861 837 925 filii
857 867 983 945 propter
1004 865 1152 927 cubantes
1176 882 1218 926 ne

283 949 418 1016 sensisse
449 945 569 1028 quidem
597 963 632 1008 se
662 945 820 1023 dicerent,
860 946 982 1008 nomina
1010 945 1144 1009 liliorum
1178 947 1218 1010 de

282 1030 445 1116 parricidio
468 1027 566 1093 delata
598 1034 676 1092 sunt
732 1027 811 1103 Quid
832 1035 954 1110 poterat
980 1034 1040 1091 tam
1061 1049 1132 1093 esse
1157 1049 1217 1093 sa-

282 1113 472 1199 spiciosum‘l
494 1117 671 1175 neutrumne
688 1111 848 1174 sensisse?
872 1113 1002 1176 ausnm¹
1024 1119 1124 1177 autem
1144 1131 1217 1176 esse

282 1215 462 1282 quemquam
491 1212 526 1260 se
554 1196 585 1258 in
619 1195 650 1257 id
672 1195 818 1258 conclave
848 1198 1056 1276 committere,
1089 1215 1128 1260 eo
1154 1216 1217 1279 po-

281 1283 430 1347 tissimum
450 1285 603 1360 tempore,
632 1296 725 1359 quum
746 1278 858 1342 ibidem
880 1286 985 1342 essent
1012 1280 1072 1343 duo
1099 1281 1215 1344 adole-

282 1370 403 1452 scentes
423 1361 487 1440 lilii,
509 1361 561 1444 qui
582 1367 612 1426 et
633 1362 748 1425 sentire
772 1368 803 1424 et
826 1361 993 1425 defendere
1014 1361 1109 1426 facile
1131 1381 1215 1447 pos-

238 1447 378 1518 assent?
411 1446 486 1510 Erat
501 1461 596 1527 porro
616 1462 718 1517 menno,
742 1446 773 1508 in
797 1463 887 1526 quem
915 1463 951 1508 ea
972 1447 1109 1529 suspicio
1131 1465 1215 1510 con-

283 1532 410 1598 veniret
442 1529 565 1607 Tamen,
581 1547 671 1610 quum
688 1529 810 1610 planum
821 1528 971 1612 iudicibus
988 1535 1071 1593 esset
1089 1529 1216 1608 iactum,

284 1621 389 1701 aperto
414 1613 491 1678 ostio
521 1612 703 1676 dormientes
729 1629 784 1674 eos
807 1619 948 1694 repertos
972 1631 1059 1692 esse,
1098 1615 1215 1677 iudicio

284 1699 414 1764 absoluti
451 1696 661 1760 adolescentes
699 1701 730 1758 et
768 1695 944 1777 suspicione
981 1697 1062 1758 omni
1093 1696 1215 1760 liberati

283 1788 362 1848 sunt.
407 1779 503 1843 Nemo
532 1780 612 1841 enim
644 1778 782 1860 putabat,
814 1797 993 1862 quemquam
1024 1797 1117 1860 esse,
1150 1780 1215 1862 qui,

285 1883 376 1948 quum
392 1863 493 1926 omnnia
516 1861 615 1926 divina
642 1867 730 1943 atque
745 1860 875 1925 humana
896 1864 961 1925 iura
982 1864 1102 1926 scelere
1120 1863 1215 1926 neia-

284 1949 333 2012 rio
363 1946 544 2032 polluisset,
581 1961 718 2008 somnum
758 1946 858 2007 statim
892 1964 1003 2029 capere
1042 1949 1197 2028 potuisset
1204 1965 1214 2024 3

284 2038 447 2178 propterea
462 2027 553 2110 quod,
570 2028 621 2110 qui
639 2033 750 2091 tantum
768 2026 886 2092 facinus
904 2030 1129 2110 commiserunt,
1151 2047 1214 2092 non

285 2132 335 2180 mo
357 2130 376 2177 o
393 2114 459 2176 sine
470 2129 541 2176 eura
553 2111 728 2194 quiescere,
742 2111 798 2175 sed
814 2129 853 2175 ne
870 2113 989 2196 spirare
1007 2113 1128 2196 quidem
1146 2115 1214 2176 sino

173 2195 223 2268 24
240 2205 369 2268 aametu
391 2194 550 2280 possuntt.
603 2192 775 2274 Videtisne,
807 2214 885 2277 quos
909 2197 998 2260 nobis
1022 2202 1125 2280 poetae
1146 2205 1213 2260 tra-

286 2279 531 2360 dideruntpatris
549 2277 715 2342 ulciscendi
739 2297 831 2342 eausa
847 2279 1029 2362 supplicium
1056 2281 1094 2343 de
1118 2288 1211 2343 matre

286 2364 470 2464 sumpsisse,
512 2379 602 2445 quum
631 2363 798 2443 presertim
836 2362 962 2426 deorum
999 2365 1210 2427 immortalium

285 2449 378 2512 iussus
401 2453 490 2528 atque
520 2445 651 2508 oraculis
675 2446 706 2510 id
727 2445 840 2509 iecisse
862 2446 1016 2525 dicantur,
1053 2454 1155 2511 tamen
1179 2453 1211 2509 ut

286 2549 342 2596 eos
368 2532 481 2616 agitent
508 2528 595 2592 furiae
623 2546 723 2611 neque
745 2530 914 2592 consistere
941 2549 1069 2613 usquam
1091 2533 1210 2613 patian-

285 2622 345 2694 tur,
369 2613 449 2697 quod
464 2631 503 2677 ne
517 2614 560 2694 pii
577 2611 698 2693 quidem
714 2613 780 2678 sine
797 2613 917 2676 scelere
934 2632 1004 2676 esse
1021 2612 1208 2696 potuerunt?

287 2699 338 2764 Sia
362 2717 396 2762 se
417 2715 468 2761 res
489 2697 595 2773 habet,
629 2696 754 2760 iudices.
801 2695 939 2779 Magnam
960 2699 1041 2771 vim,
1070 2714 1208 2781 magnam

286 2781 508 2859 necessitatem,
540 2797 679 2863 magnam
701 2778 839 2862 possidet
861 2780 1043 2864 religionem
1067 2787 1208 2863 paternus

285 2871 497 2946 mutamusque
514 2863 650 2946 sanguis,
677 2882 717 2926 ex
733 2879 794 2944 quo
812 2863 914 2945 siqua
931 2865 1047 2928 macula
1063 2871 1210 2946 concepta

16 2983 17 3030 p
134 3003 137 3009 .
284 2954 350 3027 est,
387 2965 449 3010 non
469 2946 559 3010 modo
590 2946 652 3012 elui
681 2963 742 3011 non
763 2952 881 3028 potest,
922 2966 1027 3010 verum
1050 2966 1150 3029 usque
1173 2963 1208 3009 eo

16 3033 17 3104 l
283 3036 438 3116 permanat
458 3030 496 3093 ad
518 3031 658 3107 animum,
681 3037 715 3093 ut
735 3047 869 3094 summus
890 3029 978 3093 furor
994 3037 1084 3113 atque
1104 3049 1209 3093 amen-

238 3136 273 3186 ot
284 3117 325 3180 tia
345 3120 554 3196 consequatur.
602 3113 703 3177 Nolite
723 3114 803 3175 enim
821 3121 940 3195 putare,
960 3114 1208 3196 quemadmodum

283 3201 316 3264 in
333 3197 441 3262 fabulis
459 3215 666 3279 sepenumero
684 3196 801 3273 videtis,
831 3214 896 3274 eos,
920 3199 971 3279 qui
989 3197 1103 3280 aliquid
1119 3195 1210 3280 impie

16 3309 17 3388 p
283 3284 492 3364 scelerateque
517 3278 743 3358 commiserint,
773 3280 883 3363 agitari
905 3287 935 3342 et
957 3282 1123 3362 perterreri
1148 3283 1208 3344 Fu-

225 3413 227 3417 ·
283 3368 396 3431 riarum
414 3365 498 3428 tedis
519 3364 702 3427 ardentibus.
745 3361 806 3428 Sua
825 3382 974 3450 quemque
994 3364 1079 3428 fraus
1095 3371 1207 3426 etsuus

282 3456 382 3514 terror
409 3449 539 3510 maxime
562 3452 669 3522 rexat3
710 3464 797 3510 suum
820 3465 969 3528 quemque
993 3448 1095 3511 scelus
1118 3451 1208 3532 agitat

284 3533 472 3613 amentiaque
494 3529 602 3607 allicit3
632 3548 695 3593 suae
716 3530 802 3594 malae
823 3531 1024 3614 cogitationes
1045 3533 1206 3594 conscien-

286 3657 516 3674 Μ·-

318 3732 329 3762 ¹
347 3735 412 3785 emat.
431 3733 507 3785 dubia
526 3749 539 3783 e
555 3729 643 3799 vestig.
664 3732 735 3784 codd.
756 3741 781 3784 et
799 3733 856 3784 edel.
872 3741 932 3786 cett.
951 3759 984 3768 —
1004 3731 1072 3797 Quid
1091 3731 1205 3799 postea?

316 3810 373 3854 erat
397 3818 460 3854 sane
488 3803 675 3868 suspiciosum:
702 3811 823 3856 neutrum
848 3805 981 3869 sensisse3
1006 3818 1099 3856 aarum
1119 3811 1206 3854 contra

317 3871 389 3923 codd.
425 3868 565 3937 'possint
