2468 4318
304 227 398 282 run
416 225 694 307 onnrnrnnn.
929 233 964 282 rr

57 399 152 478 timuit,
173 395 308 482 profugit
315 419 324 475 ;
356 397 388 460 lri
413 397 488 479 quid
507 398 711 482 exspectanti
741 394 855 462 lla'illi
872 397 969 462 ucbe-

57 492 162 548 menter
185 489 305 561 errant,
341 483 368 546 si
399 482 481 544 illam
512 502 610 548 meam
636 484 794 568 pristinam
817 484 970 548 lenitatem

56 574 224 652 perpetuam
240 572 365 648 sperant
384 564 524 631 suturam.

137 649 224 724 erod
246 651 438 732 exspectavi,
474 651 533 714 iarn
562 657 828 729 ermemmarus,
861 656 895 714 ut
914 667 971 714 vos
1016 641 1042 714 l

57 751 151 796 omnes
172 733 281 797 factam
303 752 372 796 essa
395 741 500 814 aperte
521 736 761 800 coniurationem
781 741 889 798 contra
906 751 972 796 rem

56 818 195 900 publicam
216 817 369 881 videretis.
411 817 476 881 Nisi
498 819 595 881 vero¹
627 819 694 899 quis
717 823 780 896 est,
810 819 861 900 qui
887 817 972 881 Cati-

57 903 117 964 lium
141 902 257 965 similes
287 919 354 964 cum
379 899 507 966 Catilina
529 903 644 966 sentire
669 920 732 966 non
756 908 848 984 putet.
903 901 973 964 Nou

57 992 98 1047 est
112 987 167 1048 iam
191 986 307 1049 lenitati
331 985 433 1060 locus;
469 987 661 1050 severitatem
690 1004 741 1052 res
763 987 829 1067 ipsa
850 984 973 1068 flagitat

57 1067 143 1132 Unum
162 1070 252 1132 etiarn
274 1087 354 1131 nunc
376 1069 556 1138 concedam:
585 1069 710 1146 Exeant,
723 1069 973 1151 proficiscantur,

56 1154 256 1234 repatiantur
279 1151 431 1214 desiderio
453 1154 506 1216 sui
524 1151 684 1216 Catilinam
713 1157 855 1216 miserum
884 1152 973 1214 tabe-

56 1253 143 1300 scere.
189 1235 414 1300 Demonstrabo
428 1237 503 1300 iter:
523 1235 651 1300 Aurelia
667 1238 716 1300 via
732 1235 888 1318 proiectus
907 1241 972 1309 est;

56 1321 79 1382 si
99 1320 271 1386 accelerare
295 1319 406 1395 volent,
428 1320 467 1382 ad
489 1337 648 1402 vesperam
673 1327 907 1404 consequentur.
946 1316 1003 1386 Or

56 1401 227 1466 fortunatam
248 1421 314 1466 rem
336 1402 505 1483 publicam,
520 1451 521 1458 κ
536 1405 563 1467 si
583 1403 704 1486 quidem
725 1404 803 1466 hanc
826 1404 973 1466 sentinam

57 1486 136 1550 huius
157 1487 241 1550 urbis
265 1485 404 1550 eieceritl
429 1485 494 1550 Uno
514 1487 688 1552 mehercule
705 1486 832 1549 Catilina
854 1486 977 1576 cubam-V

57 1578 117 1646 sto,
147 1571 283 1635 relevata
308 1569 381 1632 mihi
406 1576 437 1632 et
464 1578 602 1632 recreata
626 1587 677 1632 res
700 1570 822 1650 publica
845 1568 973 1632 videtur.

58 1651 129 1726 Ouid
150 1655 232 1718 enirn
256 1653 326 1716 mali
346 1659 398 1716 aut
419 1653 545 1715 sceleris
566 1652 640 1734 fingi
665 1659 715 1715 aut
737 1651 889 1733 eogitari²
903 1669 974 1733 po-

57 1743 117 1814 test,
141 1736 222 1818 quod
248 1755 310 1800 non
333 1735 385 1798 ille
407 1735 607 1817 conceperit?
636 1739 703 1817 quis
727 1741 788 1798 tota
809 1734 892 1797 ltalia
916 1753 974 1796 ve-

57 1820 172 1897 neficus,
197 1822 266 1902 quis
279 1818 440 1902 gladiator,
464 1821 531 1900 quis
548 1820 639 1896 latro,
658 1819 725 1901 quis
745 1820 884 1895 sicarius,
906 1818 975 1899 quis

57 1904 209 1985 parricida,
230 1904 299 1986 quis
316 1909 562 1969 testamentorum
578 1903 742 1979 subiector‚
759 1904 827 1983 quis
842 1903 975 1966 circum·
1097 1934 1100 1940 ·

58 1990 190 2070 scriptor,
220 1987 289 2069 quis
312 2004 423 2068 ganeo,
453 1988 521 2070 quis
543 2004 650 2069 nepos,
672 1986 739 2067 quis
761 1983 887 2063 adulter,
909 2001 976 2067 quat

58 2072 158 2134 mulier
180 2070 314 2147 infamis,
338 2071 406 2151 quis
428 2077 596 2160 corruptor¹
610 2070 781 2146 iuventutis,
812 2069 879 2151 quis
902 2085 977 2132 cor·

58 2161 174 2236 ruptus,
210 2155 280 2236 quis
301 2153 439 2300 perditus
462 2155 593 2218 inveniri
615 2159 733 2235 potest,
770 2155 823 2234 qui
853 2171 887 2216 se
908 2171 977 2216 cum

60 2236 182 2302 Catilina
210 2255 275 2302 uon
316 2237 536 2301 amiliarissime
567 2239 682 2304 vixisse
712 2236 867 2300 fateatur?
911 2252 979 2318 qum

59 2322 151 2386 caedes
172 2340 229 2406 per
251 2320 345 2384 hosce
367 2339 462 2384 annos
489 2322 556 2384 sine
584 2320 637 2383 illo
668 2319 750 2383 laeta
781 2320 851 2384 est?
897 2318 979 2402 quod

59 2403 202 2469 nefarium
225 2411 361 2485 stuprum
390 2421 452 2466 non
479 2422 535 2486 per
562 2403 673 2469 illurn?
717 2404 778 2466 laur
809 2420 882 2466 vero
912 2420 1008 2484 quaes

60 2492 134 2552 tanta
158 2506 301 2571 umquam
325 2488 357 2550 in
387 2488 474 2552 ullo³
506 2487 627 2552 homine
649 2487 812 2550 iuventutis
834 2485 979 2550 illecebra

60 2570 131 2650 luit,
161 2578 272 2654 quanta
294 2572 325 2634 iu
349 2571 429 2635 illo?
465 2571 516 2654 qui
540 2571 616 2634 alios
638 2572 705 2652 ipse
724 2570 842 2633 amabat
863 2570 980 2650 turpis-
1038 2587 1040 2597 ¹

61 2655 150 2734 sime,
180 2657 309 2720 aliorum
334 2655 429 2718 amori
452 2654 688 2738 flagitiosissime
709 2654 878 2731 serviebat,
911 2653 980 2716 aliis

60 2736 183 2804 fructum
206 2737 374 2816 libidinum,
396 2738 463 2801 aliis
481 2743 606 2802 mortem
623 2743 789 2819 parentum,
811 2754 872 2799 non
888 2734 979 2800 modo
1090 2760 1091 2769 ¹

63 2821 259 2904 impellendo,
296 2839 399 2887 verum
431 2823 521 2884 etiam
550 2821 737 2898 adiuvando,
771 2821 980 2902 pollicebatur.

62 2902 142 2970 Nunc
161 2924 237 2970 vero
261 2924 348 2986 quarn
366 2905 466 2970 subito
488 2922 549 2968 non
570 2905 670 2968 solurn
692 2923 731 2966 ex
754 2904 846 2982 urbe,
875 2923 980 2970 uerum

64 2990 148 3052 etiam
171 3009 211 3053 ex
229 2990 312 3072 agris
334 2990 488 3072 ingentem
506 3005 661 3052 numerum
678 2988 863 3070 perditorum
879 2988 982 3052 homi-

64 3087 129 3134 num
152 3073 348 3156 collegerat?
386 3073 499 3151 Nemo,
522 3089 582 3135 nou
606 3071 696 3134 modo
720 3071 841 3150 Romae,
866 3071 982 3136 sedne

64 3155 122 3218 ullo
144 3157 265 3238 quidem
286 3157 318 3218 in
342 3156 480 3239 angulo4
503 3155 593 3218 totius
614 3155 716 3231 ltaliae,
738 3173 904 3238 oppressus
920 3172 982 3218 mre

66 3237 161 3302 alieno
179 3239 245 3315 luit,
264 3258 353 3322 quem
367 3257 428 3303 non
446 3239 484 3302 ad
498 3239 557 3301 hoc
571 3237 749 3301 incredibile
766 3239 893 3302 sceleris
909 3237 981 3300 loe-
1102 3281 1105 3293 Δ

66 3321 116 3385 dus
139 3324 308 3388 adsciverit.
350 3323 451 3405 Atque
472 3329 504 3387 ut
525 3323 590 3384 eius
607 3322 726 3386 diversa
744 3317 843 3387 studia
862 3323 893 3384 in
915 3321 1010 3394 dis-9
1028 3327 1053 3398 5

66 3405 152 3469 simili
173 3409 291 3470 ratione
311 3409 488 3489 perspicere
511 3406 654 3487 possitis,
678 3423 767 3470 uerno
788 3411 835 3468 est
854 3405 885 3468 in
910 3404 983 3467 ludo

66 3488 243 3570 gladiatorio
264 3492 366 3576 paullo
390 3491 429 3554 ad
446 3491 567 3561 lacinus
591 3490 754 3570 audacior,
788 3490 840 3571 qui
863 3506 898 3552 se
921 3506 984 3554 non

68 3627 292 3644 ——n—-n

103 3707 197 3760 ¹coni.
216 3733 250 3746 ·-
268 3709 322 3765 Nisi
340 3726 404 3762 vero
424 3712 454 3763 si.
491 3710 505 3743 ¹
531 3713 681 3778 excogitari.
721 3711 734 3742 ¹
759 3706 831 3760 codd.
850 3706 907 3758 edd.
925 3713 984 3757 cett.

101 3802 132 3813 -
156 3781 182 3830 irr
199 3780 254 3833 ullo
281 3797 412 3847 umquam.
467 3779 555 3834 *eod
578 3783 709 3848 Rhodop.
738 3789 764 3833 et
787 3778 899 3833 climart
921 3783 983 3829 cert.

99 3845 160 3910 (sed
177 3865 209 3904 ne
228 3849 283 3904 ullo
300 3849 341 3914 iu)
361 3851 459 3904 -sed
478 3867 529 3904 nec
548 3852 601 3906 irllo
620 3853 647 3904 iu
666 3867 726 3921 ang.
