<?xml version="1.0" encoding="UTF-8"?>
<!DOCTYPE html PUBLIC "-//W3C//DTD XHTML 1.0 Transitional//EN"
    "http://www.w3.org/TR/xhtml1/DTD/xhtml1-transitional.dtd">
<html xmlns="http://www.w3.org/1999/xhtml" xml:lang="en" lang="en">
 <head>
  <title>
</title>
<meta http-equiv="Content-Type" content="text/html;charset=utf-8" />
  <meta name='ocr-system' content='tesseract 3.04.00' />
  <meta name='ocr-capabilities' content='ocr_page ocr_carea ocr_par ocr_line ocrx_word'/>
</head>
<body>
  <div class='ocr_page' id='page_1' title='image "./orationesselect00madvgoog/orationesselect00madvgoog_0266.png"; bbox 0 0 2490 4316; ppageno 0'>
   <div class='ocr_carea' id='block_1_1' title="bbox 278 191 970 302">
    <p class='ocr_par' dir='ltr' id='par_1_1' title="bbox 278 191 970 302">
     <span class='ocr_line' id='line_1_1' title="bbox 278 191 970 302; baseline 0.006 -27"><span class='ocrx_word' id='word_1_1' title='bbox 278 219 555 278; x_wconf 81' lang='lat' dir='ltr'><strong>enrnreercn</strong></span> <span class='ocrx_word' id='word_1_2' title='bbox 581 191 738 281; x_wconf 74' lang='lat' dir='ltr'><strong>enrmn&#39;.</strong></span> <span class='ocrx_word' id='word_1_3' title='bbox 871 297 874 302; x_wconf 10' lang='grc' dir='ltr'><strong>Δ</strong></span> <span class='ocrx_word' id='word_1_4' title='bbox 918 231 970 281; x_wconf 79' lang='lat' dir='ltr'><strong>us</strong></span> 
     </span>
    </p>
   </div>
   <div class='ocr_carea' id='block_1_2' title="bbox 18 381 1154 3553">
    <p class='ocr_par' dir='ltr' id='par_1_2' title="bbox 46 381 1122 1558">
     <span class='ocr_line' id='line_1_2' title="bbox 57 381 967 482; baseline 0.008 -28"><span class='ocrx_word' id='word_1_5' title='bbox 57 387 241 467; x_wconf 57' lang='lat' dir='ltr'><strong>emanere?1</strong></span> <span class='ocrx_word' id='word_1_6' title='bbox 272 381 455 460; x_wconf 78' lang='lat' dir='ltr'><strong>Nemeseos</strong></span> <span class='ocrx_word' id='word_1_7' title='bbox 472 392 654 476; x_wconf 81' lang='lat' dir='ltr'><strong>est&#39;lcgibns</strong></span> <span class='ocrx_word' id='word_1_8' title='bbox 669 393 739 473; x_wconf 88' lang='lat' dir='ltr'><strong>iliis,</strong></span> <span class='ocrx_word' id='word_1_9' title='bbox 760 411 860 474; x_wconf 89' lang='lat' dir='ltr'><strong>nemo,</strong></span> <span class='ocrx_word' id='word_1_10' title='bbox 877 413 967 482; x_wconf 87' lang='lat' dir='ltr'><strong>quem</strong></span> 
     </span>
     <span class='ocr_line' id='line_1_3' title="bbox 56 476 966 561; baseline 0.007 -25"><span class='ocrx_word' id='word_1_11' title='bbox 56 476 174 538; x_wconf 83' lang='lat' dir='ltr'><strong>futurum</strong></span> <span class='ocrx_word' id='word_1_12' title='bbox 195 481 342 558; x_wconf 84' lang='lat' dir='ltr'><strong>putemus.</strong></span> <span class='ocrx_word' id='word_1_13' title='bbox 384 477 487 540; x_wconf 80' lang='lat' dir='ltr'><strong>Armis</strong></span> <span class='ocrx_word' id='word_1_14' title='bbox 508 478 586 540; x_wconf 88' lang='lat' dir='ltr'><strong>enim</strong></span> <span class='ocrx_word' id='word_1_15' title='bbox 608 483 695 559; x_wconf 83' lang='lat' dir='ltr'><strong>gesta</strong></span> <span class='ocrx_word' id='word_1_16' title='bbox 712 487 872 560; x_wconf 82' lang='lat' dir='ltr'><strong>numqutm</strong></span> <span class='ocrx_word' id='word_1_17' title='bbox 890 497 966 561; x_wconf 83' lang='lat' dir='ltr'><strong>pro-</strong></span> 
     </span>
     <span class='ocr_line' id='line_1_4' title="bbox 55 557 966 643; baseline 0.007 -24"><span class='ocrx_word' id='word_1_18' title='bbox 55 557 125 620; x_wconf 85' lang='lat' dir='ltr'><strong>iecto</strong></span> <span class='ocrx_word' id='word_1_19' title='bbox 153 560 182 620; x_wconf 96' lang='lat' dir='ltr'><strong>in</strong></span> <span class='ocrx_word' id='word_1_20' title='bbox 214 559 357 622; x_wconf 90' lang='lat' dir='ltr'><strong>iudicium</strong></span> <span class='ocrx_word' id='word_1_21' title='bbox 388 562 583 624; x_wconf 82' lang='lat' dir='ltr'><strong>vocabuntur.</strong></span> <span class='ocrx_word' id='word_1_22' title='bbox 645 561 684 622; x_wconf 83' lang='lat' dir='ltr'><strong>At</strong></span> <span class='ocrx_word' id='word_1_23' title='bbox 715 579 765 623; x_wconf 89' lang='lat' dir='ltr'><strong>res</strong></span> <span class='ocrx_word' id='word_1_24' title='bbox 801 564 966 643; x_wconf 87' lang='lat' dir='ltr'><strong>popularis.</strong></span> 
     </span>
     <span class='ocr_line' id='line_1_5' title="bbox 55 640 965 725; baseline 0.007 -23"><span class='ocrx_word' id='word_1_25' title='bbox 55 640 159 704; x_wconf 90' lang='lat' dir='ltr'><strong>Utinam</strong></span> <span class='ocrx_word' id='word_1_26' title='bbox 179 642 300 725; x_wconf 82' lang='lat' dir='ltr'><strong>quidem</strong></span> <span class='ocrx_word' id='word_1_27' title='bbox 325 643 436 725; x_wconf 78' lang='lat' dir='ltr'><strong>aliquid</strong></span> <span class='ocrx_word' id='word_1_28' title='bbox 458 643 577 707; x_wconf 85' lang='lat' dir='ltr'><strong>velletis</strong></span> <span class='ocrx_word' id='word_1_29' title='bbox 598 661 668 705; x_wconf 90' lang='lat' dir='ltr'><strong>esse</strong></span> <span class='ocrx_word' id='word_1_30' title='bbox 690 644 857 725; x_wconf 86' lang='lat' dir='ltr'><strong>popularet</strong></span> <span class='ocrx_word' id='word_1_31' title='bbox 888 644 965 708; x_wconf 90' lang='lat' dir='ltr'><strong>Om-</strong></span> 
     </span>
     <span class='ocr_line' id='line_1_6' title="bbox 52 725 965 807; baseline 0.008 -22"><span class='ocrx_word' id='word_1_32' title='bbox 52 741 100 786; x_wconf 86' lang='lat' dir='ltr'><strong>nes</strong></span> <span class='ocrx_word' id='word_1_33' title='bbox 126 725 203 788; x_wconf 89' lang='lat' dir='ltr'><strong>enim</strong></span> <span class='ocrx_word' id='word_1_34' title='bbox 236 727 295 788; x_wconf 82' lang='lat' dir='ltr'><strong>iam</strong></span> <span class='ocrx_word' id='word_1_35' title='bbox 325 728 408 790; x_wconf 88' lang='lat' dir='ltr'><strong>cives</strong></span> <span class='ocrx_word' id='word_1_36' title='bbox 438 728 476 791; x_wconf 92' lang='lat' dir='ltr'><strong>de</strong></span> <span class='ocrx_word' id='word_1_37' title='bbox 504 727 549 788; x_wconf 90' lang='lat' dir='ltr'><strong>rei</strong></span> <span class='ocrx_word' id='word_1_38' title='bbox 578 725 707 807; x_wconf 80' lang='lat' dir='ltr'><strong>publicae</strong></span> <span class='ocrx_word' id='word_1_39' title='bbox 732 727 827 790; x_wconf 86' lang='lat' dir='ltr'><strong>sainte</strong></span> <span class='ocrx_word' id='word_1_40' title='bbox 850 747 910 791; x_wconf 89' lang='lat' dir='ltr'><strong>una</strong></span> <span class='ocrx_word' id='word_1_41' title='bbox 934 734 965 792; x_wconf 87' lang='lat' dir='ltr'><strong>et</strong></span> 
     </span>
     <span class='ocr_line' id='line_1_7' title="bbox 51 808 964 891; baseline 0.008 -24"><span class='ocrx_word' id='word_1_42' title='bbox 51 814 140 870; x_wconf 89' lang='lat' dir='ltr'><strong>mente</strong></span> <span class='ocrx_word' id='word_1_43' title='bbox 161 816 191 870; x_wconf 89' lang='lat' dir='ltr'><strong>et</strong></span> <span class='ocrx_word' id='word_1_44' title='bbox 210 827 288 872; x_wconf 85' lang='lat' dir='ltr'><strong>voce</strong></span> <span class='ocrx_word' id='word_1_45' title='bbox 308 811 506 874; x_wconf 89' lang='lat' dir='ltr'><strong>consentiunt.</strong></span> <span class='ocrx_word' id='word_1_46' title='bbox 549 808 622 882; x_wconf 81' lang='lat' dir='ltr'><strong>ouae</strong></span> <span class='ocrx_word' id='word_1_47' title='bbox 644 816 690 872; x_wconf 88' lang='lat' dir='ltr'><strong>est</strong></span> <span class='ocrx_word' id='word_1_48' title='bbox 715 810 806 891; x_wconf 80' lang='lat' dir='ltr'><strong>igitur</strong></span> <span class='ocrx_word' id='word_1_49' title='bbox 829 811 886 874; x_wconf 90' lang='lat' dir='ltr'><strong>ista</strong></span> <span class='ocrx_word' id='word_1_50' title='bbox 906 831 964 874; x_wconf 88' lang='lat' dir='ltr'><strong>cu-</strong></span> 
     </span>
     <span class='ocr_line' id='line_1_8' title="bbox 50 890 964 975; baseline 0.007 -24"><span class='ocrx_word' id='word_1_51' title='bbox 50 890 148 969; x_wconf 82' lang='lat' dir='ltr'><strong>piditas</strong></span> <span class='ocrx_word' id='word_1_52' title='bbox 170 892 249 975; x_wconf 87' lang='lat' dir='ltr'><strong>legis</strong></span> <span class='ocrx_word' id='word_1_53' title='bbox 271 893 337 955; x_wconf 90' lang='lat' dir='ltr'><strong>eius</strong></span> <span class='ocrx_word' id='word_1_54' title='bbox 358 891 509 968; x_wconf 80' lang='lat' dir='ltr'><strong>ferendae,</strong></span> <span class='ocrx_word' id='word_1_55' title='bbox 543 910 609 973; x_wconf 84' lang='lat' dir='ltr'><strong>quae</strong></span> <span class='ocrx_word' id='word_1_56' title='bbox 636 893 849 973; x_wconf 82' lang='lat' dir='ltr'><strong>turpitudinem</strong></span> <span class='ocrx_word' id='word_1_57' title='bbox 877 913 964 960; x_wconf 89' lang='lat' dir='ltr'><strong>sum-</strong></span> 
     </span>
     <span class='ocr_line' id='line_1_9' title="bbox 48 973 1024 1060; baseline 0.001 -27"><span class='ocrx_word' id='word_1_58' title='bbox 48 991 117 1035; x_wconf 88' lang='lat' dir='ltr'><strong>mam</strong></span> <span class='ocrx_word' id='word_1_59' title='bbox 138 973 260 1053; x_wconf 90' lang='lat' dir='ltr'><strong>habeat,</strong></span> <span class='ocrx_word' id='word_1_60' title='bbox 296 976 423 1059; x_wconf 80' lang='lat' dir='ltr'><strong>gratiam</strong></span> <span class='ocrx_word' id='word_1_61' title='bbox 444 975 600 1049; x_wconf 71' lang='lat' dir='ltr'><strong>nullami,</strong></span> <span class='ocrx_word' id='word_1_62' title='bbox 627 974 704 1049; x_wconf 83' lang='lat' dir='ltr'><strong>Quid</strong></span> <span class='ocrx_word' id='word_1_63' title='bbox 727 976 806 1038; x_wconf 87' lang='lat' dir='ltr'><strong>enim</strong></span> <span class='ocrx_word' id='word_1_64' title='bbox 835 979 962 1060; x_wconf 78' lang='lat' dir='ltr'><strong>turpino,</strong></span> <span class='ocrx_word' id='word_1_65' title='bbox 1021 1029 1024 1034; x_wconf 83' lang='lat'><em>.</em></span> 
     </span>
     <span class='ocr_line' id='line_1_10' title="bbox 50 1057 962 1142; baseline 0.005 -24"><span class='ocrx_word' id='word_1_66' title='bbox 50 1073 137 1136; x_wconf 77' lang='lat' dir='ltr'><strong>mam,</strong></span> <span class='ocrx_word' id='word_1_67' title='bbox 168 1059 219 1139; x_wconf 83' lang='lat' dir='ltr'><strong>qui</strong></span> <span class='ocrx_word' id='word_1_68' title='bbox 241 1057 427 1122; x_wconf 76' lang='lat' dir='ltr'><strong>maiestatem</strong></span> <span class='ocrx_word' id='word_1_69' title='bbox 447 1059 553 1142; x_wconf 87' lang='lat' dir='ltr'><strong>popuii</strong></span> <span class='ocrx_word' id='word_1_70' title='bbox 581 1057 706 1120; x_wconf 84' lang='lat' dir='ltr'><strong>Romani</strong></span> <span class='ocrx_word' id='word_1_71' title='bbox 735 1060 876 1121; x_wconf 90' lang='lat' dir='ltr'><strong>minuerit</strong></span> <span class='ocrx_word' id='word_1_72' title='bbox 905 1079 962 1142; x_wconf 88' lang='lat' dir='ltr'><strong>pen</strong></span> 
     </span>
     <span class='ocr_line' id='line_1_11' title="bbox 48 1139 961 1224; baseline 0.008 -25"><span class='ocrx_word' id='word_1_73' title='bbox 48 1139 117 1217; x_wconf 86' lang='lat' dir='ltr'><strong>nim,</strong></span> <span class='ocrx_word' id='word_1_74' title='bbox 152 1157 239 1221; x_wconf 89' lang='lat' dir='ltr'><strong>enm,</strong></span> <span class='ocrx_word' id='word_1_75' title='bbox 279 1140 448 1205; x_wconf 88' lang='lat' dir='ltr'><strong>damnatum</strong></span> <span class='ocrx_word' id='word_1_76' title='bbox 471 1140 601 1220; x_wconf 87' lang='lat' dir='ltr'><strong>iudicio,</strong></span> <span class='ocrx_word' id='word_1_77' title='bbox 637 1141 674 1202; x_wconf 92' lang='lat' dir='ltr'><strong>ad</strong></span> <span class='ocrx_word' id='word_1_78' title='bbox 696 1159 762 1204; x_wconf 90' lang='lat' dir='ltr'><strong>eam</strong></span> <span class='ocrx_word' id='word_1_79' title='bbox 783 1142 880 1224; x_wconf 87' lang='lat' dir='ltr'><strong>ipsam</strong></span> <span class='ocrx_word' id='word_1_80' title='bbox 900 1147 961 1206; x_wconf 83' lang='lat' dir='ltr'><strong>vim</strong></span> 
     </span>
     <span class='ocr_line' id='line_1_12' title="bbox 47 1224 1122 1308; baseline 0.008 -27"><span class='ocrx_word' id='word_1_81' title='bbox 47 1224 156 1300; x_wconf 85' lang='lat' dir='ltr'><strong>reverti,</strong></span> <span class='ocrx_word' id='word_1_82' title='bbox 179 1230 415 1307; x_wconf 85' lang='lat' dir='ltr'><strong>propterquam</strong></span> <span class='ocrx_word' id='word_1_83' title='bbox 436 1227 559 1290; x_wconf 85' lang='lat' dir='ltr'><strong>sitiure</strong></span> <span class='ocrx_word' id='word_1_84' title='bbox 583 1225 763 1287; x_wconf 79' lang='lat' dir='ltr'><strong>damnatus?</strong></span> <span class='ocrx_word' id='word_1_85' title='bbox 806 1225 868 1288; x_wconf 88' lang='lat' dir='ltr'><strong>Sed</strong></span> <span class='ocrx_word' id='word_1_86' title='bbox 889 1226 1007 1308; x_wconf 72' lang='lat' dir='ltr'><strong>quidm</strong></span> <span class='ocrx_word' id='word_1_87' title='bbox 1118 1257 1122 1278; x_wconf 72' lang='grc' dir='ltr'><strong><em>ι</em></strong></span> 
     </span>
     <span class='ocr_line' id='line_1_13' title="bbox 46 1303 961 1392; baseline 0.009 -28"><span class='ocrx_word' id='word_1_88' title='bbox 46 1303 123 1384; x_wconf 86' lang='lat' dir='ltr'><strong>plura</strong></span> <span class='ocrx_word' id='word_1_89' title='bbox 143 1307 271 1390; x_wconf 82' lang='lat' dir='ltr'><strong>delego</strong></span> <span class='ocrx_word' id='word_1_90' title='bbox 294 1308 442 1389; x_wconf 85' lang='lat' dir='ltr'><strong>disputo?</strong></span> <span class='ocrx_word' id='word_1_91' title='bbox 486 1308 579 1383; x_wconf 82' lang='lat' dir='ltr'><strong>Quasi</strong></span> <span class='ocrx_word' id='word_1_92' title='bbox 607 1325 681 1371; x_wconf 88' lang='lat' dir='ltr'><strong>vero</strong></span> <span class='ocrx_word' id='word_1_93' title='bbox 709 1309 740 1370; x_wconf 91' lang='lat' dir='ltr'><strong>id</strong></span> <span class='ocrx_word' id='word_1_94' title='bbox 769 1315 892 1392; x_wconf 83' lang='lat' dir='ltr'><strong>agatur,</strong></span> <span class='ocrx_word' id='word_1_95' title='bbox 928 1316 961 1372; x_wconf 86' lang='lat' dir='ltr'><strong>ut</strong></span> 
     </span>
     <span class='ocr_line' id='line_1_14' title="bbox 47 1389 959 1475; baseline 0.009 -27"><span class='ocrx_word' id='word_1_96' title='bbox 47 1389 190 1471; x_wconf 86' lang='lat' dir='ltr'><strong>quisquam</strong></span> <span class='ocrx_word' id='word_1_97' title='bbox 209 1397 365 1472; x_wconf 82' lang='lat' dir='ltr'><strong>provocet.</strong></span> <span class='ocrx_word' id='word_1_98' title='bbox 419 1391 451 1454; x_wconf 88' lang='lat' dir='ltr'><strong>ld</strong></span> <span class='ocrx_word' id='word_1_99' title='bbox 473 1393 593 1474; x_wconf 83' lang='lat' dir='ltr'><strong>agitur,</strong></span> <span class='ocrx_word' id='word_1_100' title='bbox 624 1391 656 1452; x_wconf 92' lang='lat' dir='ltr'><strong>id</strong></span> <span class='ocrx_word' id='word_1_101' title='bbox 680 1389 792 1469; x_wconf 83' lang='lat' dir='ltr'><strong>fertur,</strong></span> <span class='ocrx_word' id='word_1_102' title='bbox 830 1393 959 1475; x_wconf 82' lang='lat' dir='ltr'><strong>nequis</strong></span> 
     </span>
     <span class='ocr_line' id='line_1_15' title="bbox 46 1473 959 1558; baseline 0.01 -28"><span class='ocrx_word' id='word_1_103' title='bbox 46 1475 155 1535; x_wconf 91' lang='lat' dir='ltr'><strong>omnino</strong></span> <span class='ocrx_word' id='word_1_104' title='bbox 177 1489 318 1555; x_wconf 87' lang='lat' dir='ltr'><strong>umquam</strong></span> <span class='ocrx_word' id='word_1_105' title='bbox 348 1474 413 1538; x_wconf 93' lang='lat' dir='ltr'><strong>istis</strong></span> <span class='ocrx_word' id='word_1_106' title='bbox 440 1475 559 1558; x_wconf 84' lang='lat' dir='ltr'><strong>legibus</strong></span> <span class='ocrx_word' id='word_1_107' title='bbox 582 1491 654 1536; x_wconf 90' lang='lat' dir='ltr'><strong>reus</strong></span> <span class='ocrx_word' id='word_1_108' title='bbox 675 1473 733 1536; x_wconf 90' lang='lat' dir='ltr'><strong>iiat.</strong></span> <span class='ocrx_word' id='word_1_109' title='bbox 782 1474 856 1548; x_wconf 83' lang='lat' dir='ltr'><strong>Quis</strong></span> <span class='ocrx_word' id='word_1_110' title='bbox 877 1478 959 1539; x_wconf 89' lang='lat' dir='ltr'><strong>enim</strong></span> 
     </span>
    </p>

    <p class='ocr_par' dir='ltr' id='par_1_3' title="bbox 18 1557 1027 1890">
     <span class='ocr_line' id='line_1_16' title="bbox 45 1557 957 1637; baseline 0.005 -21"><span class='ocrx_word' id='word_1_111' title='bbox 45 1559 88 1616; x_wconf 87' lang='lat' dir='ltr'><strong>ont</strong></span> <span class='ocrx_word' id='word_1_112' title='bbox 107 1565 263 1621; x_wconf 88' lang='lat' dir='ltr'><strong>accusator</strong></span> <span class='ocrx_word' id='word_1_113' title='bbox 284 1564 343 1619; x_wconf 90' lang='lat' dir='ltr'><strong>tam</strong></span> <span class='ocrx_word' id='word_1_114' title='bbox 366 1576 469 1620; x_wconf 87' lang='lat' dir='ltr'><strong>amens</strong></span> <span class='ocrx_word' id='word_1_115' title='bbox 492 1558 681 1637; x_wconf 87' lang='lat' dir='ltr'><strong>reperietur,</strong></span> <span class='ocrx_word' id='word_1_116' title='bbox 710 1557 779 1637; x_wconf 89' lang='lat' dir='ltr'><strong>qui,</strong></span> <span class='ocrx_word' id='word_1_117' title='bbox 803 1574 858 1619; x_wconf 86' lang='lat' dir='ltr'><strong>reo</strong></span> <span class='ocrx_word' id='word_1_118' title='bbox 879 1575 957 1630; x_wconf 69' lang='lat' dir='ltr'><strong>con-‚</strong></span> 
     </span>
     <span class='ocr_line' id='line_1_17' title="bbox 18 1635 1027 1720; baseline 0.005 -22"><span class='ocrx_word' id='word_1_119' title='bbox 18 1635 189 1720; x_wconf 79' lang='lat' dir='ltr'><strong>demmin,</strong></span> <span class='ocrx_word' id='word_1_120' title='bbox 223 1640 385 1703; x_wconf 78' lang='lat' dir='ltr'><strong>obiicene²</strong></span> <span class='ocrx_word' id='word_1_121' title='bbox 419 1659 453 1704; x_wconf 93' lang='lat' dir='ltr'><strong>se</strong></span> <span class='ocrx_word' id='word_1_122' title='bbox 481 1639 662 1702; x_wconf 88' lang='lat' dir='ltr'><strong>multitudini</strong></span> <span class='ocrx_word' id='word_1_123' title='bbox 690 1639 847 1702; x_wconf 80' lang='lat' dir='ltr'><strong>conducta</strong></span> <span class='ocrx_word' id='word_1_124' title='bbox 873 1641 956 1718; x_wconf 82' lang='lat' dir='ltr'><strong>velit,</strong></span> <span class='ocrx_word' id='word_1_125' title='bbox 1022 1703 1027 1720; x_wconf 62' lang='grc'><strong>,</strong></span> 
     </span>
     <span class='ocr_line' id='line_1_18' title="bbox 44 1721 957 1804; baseline 0.008 -25"><span class='ocrx_word' id='word_1_126' title='bbox 44 1722 219 1801; x_wconf 71' lang='lat' dir='ltr'><strong>antiades,</strong></span> <span class='ocrx_word' id='word_1_127' title='bbox 255 1724 307 1804; x_wconf 86' lang='lat' dir='ltr'><strong>qui</strong></span> <span class='ocrx_word' id='word_1_128' title='bbox 335 1741 420 1786; x_wconf 91' lang='lat' dir='ltr'><strong>reum</strong></span> <span class='ocrx_word' id='word_1_129' title='bbox 450 1722 592 1785; x_wconf 85' lang='lat' dir='ltr'><strong>damnare</strong></span> <span class='ocrx_word' id='word_1_130' title='bbox 616 1721 740 1799; x_wconf 86' lang='lat' dir='ltr'><strong>audeat,</strong></span> <span class='ocrx_word' id='word_1_131' title='bbox 772 1729 805 1785; x_wconf 90' lang='lat' dir='ltr'><strong>ut</strong></span> <span class='ocrx_word' id='word_1_132' title='bbox 827 1724 898 1804; x_wconf 91' lang='lat' dir='ltr'><strong>ipse·</strong></span> <span class='ocrx_word' id='word_1_133' title='bbox 919 1724 957 1786; x_wconf 88' lang='lat' dir='ltr'><strong>ad</strong></span> 
     </span>
     <span class='ocr_line' id='line_1_19' title="bbox 45 1804 956 1890; baseline 0.005 -27"><span class='ocrx_word' id='word_1_134' title='bbox 45 1819 142 1884; x_wconf 83' lang='lat' dir='ltr'><strong>operas</strong></span> <span class='ocrx_word' id='word_1_135' title='bbox 170 1807 380 1870; x_wconf 80' lang='lat' dir='ltr'><strong>mercenarios·</strong></span> <span class='ocrx_word' id='word_1_136' title='bbox 403 1807 502 1869; x_wconf 89' lang='lat' dir='ltr'><strong>statim</strong></span> <span class='ocrx_word' id='word_1_137' title='bbox 530 1804 747 1886; x_wconf 73' lang='lat' dir='ltr'><strong>protrabatur?</strong></span> <span class='ocrx_word' id='word_1_138' title='bbox 790 1804 861 1869; x_wconf 85' lang='lat' dir='ltr'><strong>Non</strong></span> <span class='ocrx_word' id='word_1_139' title='bbox 892 1807 956 1890; x_wconf 84' lang='lat' dir='ltr'><strong>igi-</strong></span> 
     </span>
    </p>

    <p class='ocr_par' dir='ltr' id='par_1_4' title="bbox 43 1887 1021 2221">
     <span class='ocr_line' id='line_1_20' title="bbox 44 1887 1021 1972; baseline 0.008 -27"><span class='ocrx_word' id='word_1_140' title='bbox 44 1890 85 1946; x_wconf 90' lang='lat' dir='ltr'><strong>tur</strong></span> <span class='ocrx_word' id='word_1_141' title='bbox 109 1891 286 1969; x_wconf 86' lang='lat' dir='ltr'><strong>provocatio</strong></span> <span class='ocrx_word' id='word_1_142' title='bbox 311 1891 367 1953; x_wconf 85' lang='lat' dir='ltr'><strong>ista</strong></span> <span class='ocrx_word' id='word_1_143' title='bbox 398 1889 469 1972; x_wconf 78' lang='lat' dir='ltr'><strong>lege</strong></span> <span class='ocrx_word' id='word_1_144' title='bbox 500 1890 605 1967; x_wconf 87' lang='lat' dir='ltr'><strong>datur,</strong></span> <span class='ocrx_word' id='word_1_145' title='bbox 643 1888 697 1950; x_wconf 93' lang='lat' dir='ltr'><strong>sed</strong></span> <span class='ocrx_word' id='word_1_146' title='bbox 730 1887 796 1952; x_wconf 85' lang='lat' dir='ltr'><strong>duae</strong></span> <span class='ocrx_word' id='word_1_147' title='bbox 827 1891 956 1953; x_wconf 86' lang='lat' dir='ltr'><strong>maxime</strong></span> <span class='ocrx_word' id='word_1_148' title='bbox 1018 1952 1021 1964; x_wconf 36' lang='lat' dir='ltr'><em>s</em></span> 
     </span>
     <span class='ocr_line' id='line_1_21' title="bbox 43 1969 956 2055; baseline 0.005 -26"><span class='ocrx_word' id='word_1_149' title='bbox 43 1969 176 2034; x_wconf 78' lang='lat' dir='ltr'><strong>salutares</strong></span> <span class='ocrx_word' id='word_1_150' title='bbox 204 1974 293 2055; x_wconf 87' lang='lat' dir='ltr'><strong>leges</strong></span> <span class='ocrx_word' id='word_1_151' title='bbox 343 1974 565 2054; x_wconf 82' lang='lat' dir='ltr'><strong>uaestionesqne</strong></span> <span class='ocrx_word' id='word_1_152' title='bbox 593 1971 746 2034; x_wconf 89' lang='lat' dir='ltr'><strong>tolluntur.</strong></span> <span class='ocrx_word' id='word_1_153' title='bbox 800 1971 878 2046; x_wconf 82' lang='lat' dir='ltr'><strong>Quid</strong></span> <span class='ocrx_word' id='word_1_154' title='bbox 909 1979 956 2036; x_wconf 88' lang='lat' dir='ltr'><strong>est</strong></span> 
     </span>
     <span class='ocr_line' id='line_1_22' title="bbox 43 1993 955 2144; baseline 0.005 -32"><span class='ocrx_word' id='word_1_155' title='bbox 43 2051 285 2144; x_wconf 26' lang='lat' dir='ltr'><strong>aliudladbortari</strong></span> <span class='ocrx_word' id='word_1_156' title='bbox 308 1993 533 2130; x_wconf 45' lang='lat' dir='ltr'><strong>adolescentes,</strong></span> <span class='ocrx_word' id='word_1_157' title='bbox 560 2062 592 2118; x_wconf 89' lang='lat' dir='ltr'><strong>ut</strong></span> <span class='ocrx_word' id='word_1_158' title='bbox 611 2055 793 2133; x_wconf 89' lang='lat' dir='ltr'><strong>turbulenti,</strong></span> <span class='ocrx_word' id='word_1_159' title='bbox 817 2061 850 2117; x_wconf 89' lang='lat' dir='ltr'><strong>ut</strong></span> <span class='ocrx_word' id='word_1_160' title='bbox 868 2055 955 2118; x_wconf 88' lang='lat' dir='ltr'><strong>scdi-</strong></span> 
     </span>
     <span class='ocr_line' id='line_1_23' title="bbox 43 2137 955 2221; baseline 0.008 -26"><span class='ocrx_word' id='word_1_161' title='bbox 43 2137 111 2214; x_wconf 87' lang='lat' dir='ltr'><strong>trosi,</strong></span> <span class='ocrx_word' id='word_1_162' title='bbox 128 2145 160 2200; x_wconf 92' lang='lat' dir='ltr'><strong>ut</strong></span> <span class='ocrx_word' id='word_1_163' title='bbox 180 2139 348 2221; x_wconf 86' lang='lat' dir='ltr'><strong>perniciosi</strong></span> <span class='ocrx_word' id='word_1_164' title='bbox 370 2141 452 2201; x_wconf 87' lang='lat' dir='ltr'><strong>cives</strong></span> <span class='ocrx_word' id='word_1_165' title='bbox 477 2138 570 2201; x_wconf 89' lang='lat' dir='ltr'><strong>veiint</strong></span> <span class='ocrx_word' id='word_1_166' title='bbox 593 2137 690 2202; x_wconf 85' lang='lat' dir='ltr'><strong>csse?</strong></span> <span class='ocrx_word' id='word_1_167' title='bbox 738 2138 838 2213; x_wconf 82' lang='lat' dir='ltr'><strong>Quam</strong></span> <span class='ocrx_word' id='word_1_168' title='bbox 856 2145 955 2202; x_wconf 87' lang='lat' dir='ltr'><strong>autem</strong></span> 
     </span>
    </p>

    <p class='ocr_par' dir='ltr' id='par_1_5' title="bbox 35 2219 1154 3135">
     <span class='ocr_line' id='line_1_24' title="bbox 42 2219 954 2302; baseline 0.007 -23"><span class='ocrx_word' id='word_1_169' title='bbox 42 2219 74 2280; x_wconf 91' lang='lat' dir='ltr'><strong>ad</strong></span> <span class='ocrx_word' id='word_1_170' title='bbox 92 2227 203 2300; x_wconf 89' lang='lat' dir='ltr'><strong>pestem</strong></span> <span class='ocrx_word' id='word_1_171' title='bbox 220 2223 309 2284; x_wconf 87' lang='lat' dir='ltr'><strong>iuror</strong></span> <span class='ocrx_word' id='word_1_172' title='bbox 331 2222 508 2285; x_wconf 91' lang='lat' dir='ltr'><strong>tribunicius</strong></span> <span class='ocrx_word' id='word_1_173' title='bbox 528 2223 642 2302; x_wconf 89' lang='lat' dir='ltr'><strong>impelli</strong></span> <span class='ocrx_word' id='word_1_174' title='bbox 666 2237 728 2283; x_wconf 92' lang='lat' dir='ltr'><strong>non</strong></span> <span class='ocrx_word' id='word_1_175' title='bbox 748 2223 878 2302; x_wconf 89' lang='lat' dir='ltr'><strong>poterit,</strong></span> <span class='ocrx_word' id='word_1_176' title='bbox 906 2223 954 2285; x_wconf 87' lang='lat' dir='ltr'><strong>his</strong></span> 
     </span>
     <span class='ocr_line' id='line_1_25' title="bbox 41 2301 953 2388; baseline 0.005 -26"><span class='ocrx_word' id='word_1_177' title='bbox 41 2301 144 2367; x_wconf 84' lang='lat' dir='ltr'><strong>duabus</strong></span> <span class='ocrx_word' id='word_1_178' title='bbox 166 2305 382 2388; x_wconf 65' lang='lat' dir='ltr'><strong>quaestiouibus</strong></span> <span class='ocrx_word' id='word_1_179' title='bbox 404 2303 441 2367; x_wconf 90' lang='lat' dir='ltr'><strong>dc</strong></span> <span class='ocrx_word' id='word_1_180' title='bbox 461 2305 492 2366; x_wconf 84' lang='lat' dir='ltr'><strong>vi</strong></span> <span class='ocrx_word' id='word_1_181' title='bbox 514 2311 545 2368; x_wconf 87' lang='lat' dir='ltr'><strong>et</strong></span> <span class='ocrx_word' id='word_1_182' title='bbox 566 2304 604 2367; x_wconf 87' lang='lat' dir='ltr'><strong>de</strong></span> <span class='ocrx_word' id='word_1_183' title='bbox 625 2305 782 2367; x_wconf 84' lang='lat' dir='ltr'><strong>maiestate</strong></span> <span class='ocrx_word' id='word_1_184' title='bbox 800 2305 953 2368; x_wconf 84' lang='lat' dir='ltr'><strong>sublatis?</strong></span> 
     </span>
     <span class='ocr_line' id='line_1_26' title="bbox 42 2383 999 2470; baseline 0.003 -24"><span class='ocrx_word' id='word_1_185' title='bbox 42 2385 119 2464; x_wconf 82' lang='lat' dir='ltr'><strong>Quid,</strong></span> <span class='ocrx_word' id='word_1_186' title='bbox 148 2389 228 2470; x_wconf 85' lang='lat' dir='ltr'><strong>quod</strong></span> <span class='ocrx_word' id='word_1_187' title='bbox 251 2387 560 2470; x_wconf 82' lang='lat' dir='ltr'><strong>obrogaturlegibos</strong></span> <span class='ocrx_word' id='word_1_188' title='bbox 582 2383 721 2466; x_wconf 75' lang='lat' dir='ltr'><strong>Caesaris,</strong></span> <span class='ocrx_word' id='word_1_189' title='bbox 754 2405 820 2468; x_wconf 79' lang='lat' dir='ltr'><strong>quae</strong></span> <span class='ocrx_word' id='word_1_190' title='bbox 840 2389 999 2466; x_wconf 74' lang='lat' dir='ltr'><strong>iubentes</strong></span> 
     </span>
     <span class='ocr_line' id='line_1_27' title="bbox 39 2468 952 2552; baseline 0.003 -24"><span class='ocrx_word' id='word_1_191' title='bbox 39 2469 79 2545; x_wconf 88' lang='lat' dir='ltr'><strong>ei,</strong></span> <span class='ocrx_word' id='word_1_192' title='bbox 109 2473 158 2552; x_wconf 85' lang='lat' dir='ltr'><strong>qui</strong></span> <span class='ocrx_word' id='word_1_193' title='bbox 186 2472 225 2535; x_wconf 88' lang='lat' dir='ltr'><strong>de</strong></span> <span class='ocrx_word' id='word_1_194' title='bbox 249 2472 297 2550; x_wconf 84' lang='lat' dir='ltr'><strong>vi,</strong></span> <span class='ocrx_word' id='word_1_195' title='bbox 331 2473 403 2533; x_wconf 90' lang='lat' dir='ltr'><strong>item</strong></span> <span class='ocrx_word' id='word_1_196' title='bbox 421 2471 499 2551; x_wconf 78' lang='lat' dir='ltr'><strong>qui⁸</strong></span> <span class='ocrx_word' id='word_1_197' title='bbox 534 2468 699 2532; x_wconf 85' lang='lat' dir='ltr'><strong>maiestatis</strong></span> <span class='ocrx_word' id='word_1_198' title='bbox 727 2468 880 2532; x_wconf 89' lang='lat' dir='ltr'><strong>damnatus</strong></span> <span class='ocrx_word' id='word_1_199' title='bbox 903 2471 952 2548; x_wconf 61' lang='lat' dir='ltr'><strong>sit,</strong></span> 
     </span>
     <span class='ocr_line' id='line_1_28' title="bbox 40 2553 990 2640; baseline 0.003 -29"><span class='ocrx_word' id='word_1_200' title='bbox 40 2569 107 2632; x_wconf 87' lang='lat' dir='ltr'><strong>aqua</strong></span> <span class='ocrx_word' id='word_1_201' title='bbox 138 2560 167 2616; x_wconf 92' lang='lat' dir='ltr'><strong>et</strong></span> <span class='ocrx_word' id='word_1_202' title='bbox 197 2555 263 2640; x_wconf 84' lang='lat' dir='ltr'><strong>igni</strong></span> <span class='ocrx_word' id='word_1_203' title='bbox 297 2553 461 2617; x_wconf 72' lang='lat' dir='ltr'><strong>interdici?</strong></span> <span class='ocrx_word' id='word_1_204' title='bbox 508 2554 617 2636; x_wconf 90' lang='lat' dir='ltr'><strong>quibus</strong></span> <span class='ocrx_word' id='word_1_205' title='bbox 647 2565 752 2634; x_wconf 86' lang='lat' dir='ltr'><strong>quum·</strong></span> <span class='ocrx_word' id='word_1_206' title='bbox 772 2553 950 2634; x_wconf 84' lang='lat' dir='ltr'><strong>provocatio</strong></span> <span class='ocrx_word' id='word_1_207' title='bbox 986 2553 990 2572; x_wconf 83' lang='lat'><strong><em>‘</em></strong></span> 
     </span>
     <span class='ocr_line' id='line_1_29' title="bbox 39 2633 952 2718; baseline 0.003 -24"><span class='ocrx_word' id='word_1_208' title='bbox 39 2633 124 2716; x_wconf 89' lang='lat' dir='ltr'><strong>daton,</strong></span> <span class='ocrx_word' id='word_1_209' title='bbox 146 2655 256 2712; x_wconf 84' lang='lat' dir='ltr'><strong>nonne</strong></span> <span class='ocrx_word' id='word_1_210' title='bbox 274 2644 339 2702; x_wconf 88' lang='lat' dir='ltr'><strong>acto</strong></span> <span class='ocrx_word' id='word_1_211' title='bbox 361 2636 490 2700; x_wconf 85' lang='lat' dir='ltr'><strong>Caesaris</strong></span> <span class='ocrx_word' id='word_1_212' title='bbox 510 2635 748 2700; x_wconf 79' lang='lat' dir='ltr'><strong>rescinduntur?</strong></span> <span class='ocrx_word' id='word_1_213' title='bbox 791 2634 865 2709; x_wconf 79' lang='lat' dir='ltr'><strong>Qua</strong></span> <span class='ocrx_word' id='word_1_214' title='bbox 882 2635 952 2718; x_wconf 85' lang='lat' dir='ltr'><strong>qui-</strong></span> 
     </span>
     <span class='ocr_line' id='line_1_30' title="bbox 39 2716 952 2804; baseline 0.004 -27"><span class='ocrx_word' id='word_1_215' title='bbox 39 2716 97 2780; x_wconf 92' lang='lat' dir='ltr'><strong>dem</strong></span> <span class='ocrx_word' id='word_1_216' title='bbox 119 2739 197 2804; x_wconf 85' lang='lat' dir='ltr'><strong>ego,</strong></span> <span class='ocrx_word' id='word_1_217' title='bbox 221 2727 323 2802; x_wconf 86' lang='lat' dir='ltr'><strong>patres</strong></span> <span class='ocrx_word' id='word_1_218' title='bbox 343 2721 522 2801; x_wconf 85' lang='lat' dir='ltr'><strong>conscripti,</strong></span> <span class='ocrx_word' id='word_1_219' title='bbox 545 2717 596 2801; x_wconf 86' lang='lat' dir='ltr'><strong>qui</strong></span> <span class='ocrx_word' id='word_1_220' title='bbox 619 2719 671 2782; x_wconf 86' lang='lat' dir='ltr'><strong>illa</strong></span> <span class='ocrx_word' id='word_1_221' title='bbox 693 2736 854 2800; x_wconf 84' lang='lat' dir='ltr'><strong>numquam</strong></span> <span class='ocrx_word' id='word_1_222' title='bbox 875 2736 952 2801; x_wconf 90' lang='lat' dir='ltr'><strong>pro-</strong></span> 
     </span>
     <span class='ocr_line' id='line_1_31' title="bbox 37 2798 952 2881; baseline 0.003 -21"><span class='ocrx_word' id='word_1_223' title='bbox 37 2798 113 2881; x_wconf 86' lang='lat' dir='ltr'><strong>bavi,</strong></span> <span class='ocrx_word' id='word_1_224' title='bbox 143 2810 243 2866; x_wconf 89' lang='lat' dir='ltr'><strong>tamen</strong></span> <span class='ocrx_word' id='word_1_225' title='bbox 270 2805 311 2867; x_wconf 87' lang='lat' dir='ltr'><strong>ita</strong></span> <span class='ocrx_word' id='word_1_226' title='bbox 332 2802 540 2866; x_wconf 84' lang='lat' dir='ltr'><strong>conservanda</strong></span> <span class='ocrx_word' id='word_1_227' title='bbox 559 2802 730 2866; x_wconf 82' lang='lat' dir='ltr'><strong>concordiae</strong></span> <span class='ocrx_word' id='word_1_228' title='bbox 752 2820 842 2865; x_wconf 84' lang='lat' dir='ltr'><strong>causa</strong></span> <span class='ocrx_word' id='word_1_229' title='bbox 866 2802 952 2864; x_wconf 87' lang='lat' dir='ltr'><strong>orbi-</strong></span> 
     </span>
     <span class='ocr_line' id='line_1_32' title="bbox 37 2882 952 2967; baseline 0.007 -27"><span class='ocrx_word' id='word_1_230' title='bbox 37 2887 229 2964; x_wconf 81' lang='lat' dir='ltr'><strong>natussum,</strong></span> <span class='ocrx_word' id='word_1_231' title='bbox 260 2893 292 2950; x_wconf 94' lang='lat' dir='ltr'><strong>ut</strong></span> <span class='ocrx_word' id='word_1_232' title='bbox 312 2905 374 2949; x_wconf 91' lang='lat' dir='ltr'><strong>non</strong></span> <span class='ocrx_word' id='word_1_233' title='bbox 396 2885 505 2964; x_wconf 90' lang='lat' dir='ltr'><strong>modo,</strong></span> <span class='ocrx_word' id='word_1_234' title='bbox 528 2901 603 2967; x_wconf 86' lang='lat' dir='ltr'><strong>quas</strong></span> <span class='ocrx_word' id='word_1_235' title='bbox 626 2887 714 2948; x_wconf 89' lang='lat' dir='ltr'><strong>vivus</strong></span> <span class='ocrx_word' id='word_1_236' title='bbox 739 2887 825 2966; x_wconf 79' lang='lat' dir='ltr'><strong>leges</strong></span> <span class='ocrx_word' id='word_1_237' title='bbox 850 2882 952 2947; x_wconf 84' lang='lat' dir='ltr'><strong>Caesar</strong></span> 
     </span>
     <span class='ocr_line' id='line_1_33' title="bbox 36 2966 1154 3051; baseline 0.005 -26"><span class='ocrx_word' id='word_1_238' title='bbox 36 2967 160 3049; x_wconf 87' lang='lat' dir='ltr'><strong>tulisset,</strong></span> <span class='ocrx_word' id='word_1_239' title='bbox 183 2969 374 3033; x_wconf 86' lang='lat' dir='ltr'><strong>iniinmondas</strong></span> <span class='ocrx_word' id='word_1_240' title='bbox 395 2969 454 3032; x_wconf 92' lang='lat' dir='ltr'><strong>boc</strong></span> <span class='ocrx_word' id='word_1_241' title='bbox 475 2975 612 3051; x_wconf 84' lang='lat' dir='ltr'><strong>tentporc</strong></span> <span class='ocrx_word' id='word_1_242' title='bbox 633 2985 695 3030; x_wconf 94' lang='lat' dir='ltr'><strong>non</strong></span> <span class='ocrx_word' id='word_1_243' title='bbox 737 2974 871 3047; x_wconf 87' lang='lat' dir='ltr'><strong>utarem,</strong></span> <span class='ocrx_word' id='word_1_244' title='bbox 895 2966 950 3030; x_wconf 92' lang='lat' dir='ltr'><strong>sed</strong></span> <span class='ocrx_word' id='word_1_245' title='bbox 989 3021 994 3030; x_wconf 93' lang='lat'>.</span> <span class='ocrx_word' id='word_1_246' title='bbox 1058 2975 1063 2988; x_wconf 68' lang='lat'>⁸</span> <span class='ocrx_word' id='word_1_247' title='bbox 1148 2995 1154 3004; x_wconf 95' lang='lat'>·</span> 
     </span>
     <span class='ocr_line' id='line_1_34' title="bbox 35 2985 950 3135; baseline 0.004 -26"><span class='ocrx_word' id='word_1_248' title='bbox 35 3065 70 3110; x_wconf 90' lang='lat' dir='ltr'><strong>ne</strong></span> <span class='ocrx_word' id='word_1_249' title='bbox 89 3051 153 3117; x_wconf 84' lang='lat' dir='ltr'><strong>iilos</strong></span> <span class='ocrx_word' id='word_1_250' title='bbox 177 3053 316 3134; x_wconf 88' lang='lat' dir='ltr'><strong>quidem,</strong></span> <span class='ocrx_word' id='word_1_251' title='bbox 351 3071 426 3135; x_wconf 81' lang='lat' dir='ltr'><strong>quos</strong></span> <span class='ocrx_word' id='word_1_252' title='bbox 456 3059 526 3134; x_wconf 87' lang='lat' dir='ltr'><strong>post</strong></span> <span class='ocrx_word' id='word_1_253' title='bbox 553 3058 679 3114; x_wconf 90' lang='lat' dir='ltr'><strong>mortem</strong></span> <span class='ocrx_word' id='word_1_254' title='bbox 713 2985 842 3112; x_wconf 62' lang='lat' dir='ltr'><strong>gaesurts</strong></span> <span class='ocrx_word' id='word_1_255' title='bbox 872 3069 950 3132; x_wconf 90' lang='lat' dir='ltr'><strong>pro-</strong></span> 
     </span>
    </p>

    <p class='ocr_par' dir='ltr' id='par_1_6' title="bbox 34 3123 1061 3300">
     <span class='ocr_line' id='line_1_35' title="bbox 34 3123 1061 3200; baseline 0.003 -8"><span class='ocrx_word' id='word_1_256' title='bbox 34 3130 102 3196; x_wconf 87' lang='lat' dir='ltr'><strong>latas</strong></span> <span class='ocrx_word' id='word_1_257' title='bbox 131 3153 200 3200; x_wconf 84' lang='lat' dir='ltr'><strong>osse</strong></span> <span class='ocrx_word' id='word_1_258' title='bbox 233 3142 262 3198; x_wconf 89' lang='lat' dir='ltr'><strong>et</strong></span> <span class='ocrx_word' id='word_1_259' title='bbox 290 3137 366 3200; x_wconf 83' lang='lat' dir='ltr'><strong>iiras</strong></span> <span class='ocrx_word' id='word_1_260' title='bbox 393 3135 510 3199; x_wconf 85' lang='lat' dir='ltr'><strong>videtis.</strong></span> <span class='ocrx_word' id='word_1_261' title='bbox 575 3135 621 3196; x_wconf 87' lang='lat' dir='ltr'><strong>De</strong></span> <span class='ocrx_word' id='word_1_262' title='bbox 652 3133 760 3196; x_wconf 87' lang='lat' dir='ltr'><strong>exsilio</strong></span> <span class='ocrx_word' id='word_1_263' title='bbox 789 3134 905 3197; x_wconf 91' lang='lat' dir='ltr'><strong>reducti</strong></span> <span class='ocrx_word' id='word_1_264' title='bbox 932 3123 1061 3199; x_wconf 78' lang='lat' dir='ltr'><strong>a2410</strong></span> 
     </span>
     <span class='ocr_line' id='line_1_36' title="bbox 34 3217 949 3300; baseline 0.003 -25"><span class='ocrx_word' id='word_1_265' title='bbox 34 3224 160 3297; x_wconf 87' lang='lat' dir='ltr'><strong>mortuo,</strong></span> <span class='ocrx_word' id='word_1_266' title='bbox 181 3219 286 3283; x_wconf 81' lang='lat' dir='ltr'><strong>civitas</strong></span> <span class='ocrx_word' id='word_1_267' title='bbox 311 3220 378 3283; x_wconf 87' lang='lat' dir='ltr'><strong>data</strong></span> <span class='ocrx_word' id='word_1_268' title='bbox 398 3236 461 3282; x_wconf 93' lang='lat' dir='ltr'><strong>non</strong></span> <span class='ocrx_word' id='word_1_269' title='bbox 482 3217 581 3282; x_wconf 88' lang='lat' dir='ltr'><strong>solnm</strong></span> <span class='ocrx_word' id='word_1_270' title='bbox 603 3217 749 3300; x_wconf 77' lang='lat' dir='ltr'><strong>singulis,</strong></span> <span class='ocrx_word' id='word_1_271' title='bbox 771 3217 825 3280; x_wconf 90' lang='lat' dir='ltr'><strong>scd</strong></span> <span class='ocrx_word' id='word_1_272' title='bbox 846 3218 949 3280; x_wconf 89' lang='lat' dir='ltr'><strong>notio-</strong></span> 
     </span>
    </p>

    <p class='ocr_par' dir='ltr' id='par_1_7' title="bbox 33 3298 948 3384">
     <span class='ocr_line' id='line_1_37' title="bbox 33 3298 948 3384; baseline 0.005 -26"><span class='ocrx_word' id='word_1_273' title='bbox 33 3298 111 3363; x_wconf 90' lang='lat' dir='ltr'><strong>nibus</strong></span> <span class='ocrx_word' id='word_1_274' title='bbox 133 3309 163 3365; x_wconf 92' lang='lat' dir='ltr'><strong>et</strong></span> <span class='ocrx_word' id='word_1_275' title='bbox 182 3304 347 3384; x_wconf 89' lang='lat' dir='ltr'><strong>provinciis</strong></span> <span class='ocrx_word' id='word_1_276' title='bbox 369 3303 521 3365; x_wconf 79' lang='lat' dir='ltr'><strong>universis</strong></span> <span class='ocrx_word' id='word_1_277' title='bbox 542 3321 560 3364; x_wconf 85' lang='lat' dir='ltr'><strong>a</strong></span> <span class='ocrx_word' id='word_1_278' title='bbox 582 3307 719 3380; x_wconf 89' lang='lat' dir='ltr'><strong>mortuo,</strong></span> <span class='ocrx_word' id='word_1_279' title='bbox 752 3300 948 3366; x_wconf 86' lang='lat' dir='ltr'><strong>immunitati-</strong></span> 
     </span>
    </p>

    <p class='ocr_par' dir='ltr' id='par_1_8' title="bbox 32 3379 947 3467">
     <span class='ocr_line' id='line_1_38' title="bbox 32 3379 947 3467; baseline 0.004 -27"><span class='ocrx_word' id='word_1_280' title='bbox 32 3379 82 3444; x_wconf 86' lang='lat' dir='ltr'><strong>bus</strong></span> <span class='ocrx_word' id='word_1_281' title='bbox 102 3385 223 3448; x_wconf 85' lang='lat' dir='ltr'><strong>induitis</strong></span> <span class='ocrx_word' id='word_1_282' title='bbox 244 3386 360 3449; x_wconf 88' lang='lat' dir='ltr'><strong>sublata</strong></span> <span class='ocrx_word' id='word_1_283' title='bbox 379 3384 539 3467; x_wconf 82' lang='lat' dir='ltr'><strong>vectigalia</strong></span> <span class='ocrx_word' id='word_1_284' title='bbox 560 3404 577 3448; x_wconf 88' lang='lat' dir='ltr'><strong>a</strong></span> <span class='ocrx_word' id='word_1_285' title='bbox 599 3390 726 3447; x_wconf 89' lang='lat' dir='ltr'><strong>mortuo.</strong></span> <span class='ocrx_word' id='word_1_286' title='bbox 768 3383 851 3465; x_wconf 77' lang='lat' dir='ltr'><strong>Ergo</strong></span> <span class='ocrx_word' id='word_1_287' title='bbox 872 3381 947 3460; x_wconf 86' lang='lat' dir='ltr'><strong>haec,</strong></span> 
     </span>
    </p>

    <p class='ocr_par' dir='ltr' id='par_1_9' title="bbox 31 3464 1064 3553">
     <span class='ocr_line' id='line_1_39' title="bbox 31 3464 1064 3553; baseline 0.001 -26"><span class='ocrx_word' id='word_1_288' title='bbox 31 3479 105 3546; x_wconf 90' lang='lat' dir='ltr'><strong>uno,</strong></span> <span class='ocrx_word' id='word_1_289' title='bbox 133 3486 238 3532; x_wconf 81' lang='lat' dir='ltr'><strong>oerum</strong></span> <span class='ocrx_word' id='word_1_290' title='bbox 271 3471 383 3553; x_wconf 89' lang='lat' dir='ltr'><strong>optimo</strong></span> <span class='ocrx_word' id='word_1_291' title='bbox 408 3476 534 3533; x_wconf 89' lang='lat' dir='ltr'><strong>auctore</strong></span> <span class='ocrx_word' id='word_1_292' title='bbox 557 3469 646 3534; x_wconf 91' lang='lat' dir='ltr'><strong>domo</strong></span> <span class='ocrx_word' id='word_1_293' title='bbox 667 3465 801 3551; x_wconf 88' lang='lat' dir='ltr'><strong>prolato,</strong></span> <span class='ocrx_word' id='word_1_294' title='bbox 836 3464 946 3529; x_wconf 85' lang='lat' dir='ltr'><strong>deien-</strong></span> <span class='ocrx_word' id='word_1_295' title='bbox 1062 3482 1064 3490; x_wconf 82' lang='grc'><strong>’</strong></span> 
     </span>
    </p>
   </div>
   <div class='ocr_carea' id='block_1_3' title="bbox 34 3591 255 3620">
    <p class='ocr_par' dir='ltr' id='par_1_10' title="bbox 34 3591 255 3620">
     <span class='ocr_line' id='line_1_40' title="bbox 34 3591 255 3620; baseline 0 -12"><span class='ocrx_word' id='word_1_296' title='bbox 34 3591 255 3620; x_wconf 67' lang='lat' dir='ltr'><strong>n---...—v</strong></span> 
     </span>
    </p>
   </div>
   <div class='ocr_carea' id='block_1_4' title="bbox 64 3662 944 3801">
    <p class='ocr_par' dir='ltr' id='par_1_11' title="bbox 64 3662 944 3801">
     <span class='ocr_line' id='line_1_41' title="bbox 64 3662 944 3801; baseline -0.003 -85"><span class='ocrx_word' id='word_1_297' title='bbox 64 3662 146 3718; x_wconf 64' lang='grc' dir='ltr'><strong>ἐἰπε</strong></span> <span class='ocrx_word' id='word_1_298' title='bbox 166 3676 278 3801; x_wconf 63' lang='grc' dir='ltr'><strong>οωνιιςί.</strong></span> <span class='ocrx_word' id='word_1_299' title='bbox 296 3675 365 3719; x_wconf 75' lang='lat' dir='ltr'><strong>nota·</strong></span> <span class='ocrx_word' id='word_1_300' title='bbox 409 3667 531 3719; x_wconf 75' lang='lat' dir='ltr'><strong>&#39;obiici</strong></span> <span class='ocrx_word' id='word_1_301' title='bbox 578 3666 675 3719; x_wconf 68' lang='lat' dir='ltr'><strong>⁸citrini.</strong></span> <span class='ocrx_word' id='word_1_302' title='bbox 699 3662 834 3716; x_wconf 78' lang='lat' dir='ltr'><strong>Garatonii</strong></span> <span class='ocrx_word' id='word_1_303' title='bbox 853 3680 865 3714; x_wconf 81' lang='lat' dir='ltr'><strong>e</strong></span> <span class='ocrx_word' id='word_1_304' title='bbox 882 3671 944 3713; x_wconf 74' lang='lat' dir='ltr'><strong>cett.</strong></span> 
     </span>
    </p>
   </div>
   <div class='ocr_carea' id='block_1_5' title="bbox 66 3731 570 3805">
    <p class='ocr_par' dir='ltr' id='par_1_12' title="bbox 66 3731 570 3805">
     <span class='ocr_line' id='line_1_42' title="bbox 66 3731 570 3805; baseline 0 -19"><span class='ocrx_word' id='word_1_305' title='bbox 66 3731 116 3787; x_wconf 79' lang='lat' dir='ltr'><strong>Vae.</strong></span> <span class='ocrx_word' id='word_1_306' title='bbox 136 3732 238 3805; x_wconf 74' lang='lat' dir='ltr'><strong>(idemq.</strong></span> <span class='ocrx_word' id='word_1_307' title='bbox 279 3761 310 3775; x_wconf 91' lang='lat'><strong>·-</strong></span> <span class='ocrx_word' id='word_1_308' title='bbox 329 3737 443 3805; x_wconf 84' lang='lat' dir='ltr'><strong>itemquo</strong></span> <span class='ocrx_word' id='word_1_309' title='bbox 464 3739 497 3803; x_wconf 83' lang='lat' dir='ltr'><strong>ei,</strong></span> <span class='ocrx_word' id='word_1_310' title='bbox 518 3739 570 3804; x_wconf 88' lang='lat' dir='ltr'><strong>qui.</strong></span> 
     </span>
    </p>
   </div>
   <div class='ocr_carea' id='block_1_6' title="bbox 0 0 1250 4316">
    <p class='ocr_par' dir='ltr' id='par_1_13' title="bbox 0 0 1250 4316">
     <span class='ocr_line' id='line_1_43' title="bbox 0 0 1250 4316; baseline 0 8"><span class='ocrx_word' id='word_1_311' title='bbox 0 0 1250 4316; x_wconf 95' lang='lat' dir='ltr'><strong> </strong></span> 
     </span>
    </p>
   </div>
  </div>
 </body>
</html>
