2490 4316
235 205 515 340 ‘rerurrbrcs
539 235 770 295 secunus,
912 241 965 296 su

53 411 180 490 didisti'st
217 419 319 494 neque
346 411 506 498 vectigalis
529 412 646 490 sobnn,
676 409 733 476 sed
755 410 846 482 erice
866 411 966 494 impe·

52 499 122 560 rium
141 496 245 580 populi
270 495 396 560 Romani
422 496 511 560 indus
541 496 715 560 domesticis
739 495 968 566 nundinisde-

53 583 186 644 minutum
216 585 271 643 est
313 579 373 643 libi
393 575 440 643 e'st
460 581 574 662 septies
597 581 726 655 millies,
760 579 841 661 quod
864 580 897 644 in
917 585 1013 642 imo
1030 567 1079 643 37
1133 633 1135 638 ,

52 663 142 740 bulis,
175 679 255 744 que,
271 668 340 728 sunt
361 663 398 727 ed
420 662 514 745 Opis,
548 664 693 746 petcbot‘t
735 662 863 731 funeste
886 663 968 728 illius

54 747 164 830 quidem
187 747 346 828 pecunie,
366 747 423 810 sed
444 753 544 812 temen
567 765 634 828 quae
658 763 735 824 nos,
758 747 785 809 si
809 747 866 828 iis,
887 763 969 828 quo

52 849 111 893 rum
134 835 215 907 eret,
245 847 306 894 non
328 831 528 908 redderetur,
561 847 579 894 e
601 832 719 894 tributis
740 836 847 912 posset
866 829 969 893 vindi-

15 977 16 982 ,
53 931 123 976 care.
167 913 213 975 'lu
241 919 339 978 eutem
369 914 615 998 quadringenties
645 913 722 984 Hs„
763 913 850 994 quod>
866 913 969 978 itibus

53 996 155 1059 liertiis
176 995 320 1074 debuisti,
344 1015 475 1079 quonum
497 998 588 1062 modo
611 1004 679 1060 ento
700 997 851 1061 Kalendas
871 997 969 1078 Apri·

51 1081 92 1144 les
112 1079 225 1142 debere
252 1079 384 1143 desisti?
425 1079 501 1144 Sunt
521 1099 558 1144 co
580 1082 701 1163 quidem
727 1080 969 1158 innumerabilis,

54 1180 111 1244 que
133 1182 150 1226 e
169 1163 255 1226 tuis²
279 1164 463 1238 emebantur,
486 1183 548 1228 non
569 1166 716 1228 insciente
737 1171 780 1239 te,
802 1163 970 1240 sedunum

53 1247 199 1329 egregium
220 1246 260 1310 de
280 1265 357 1330 rege
374 1247 539 1324 Deiotoro,
552 1245 554 1254 “
569 1249 676 1330 populi
695 1248 822 1312 Romani
845 1247 970 1310 amicis·
1078 1271 1087 1278 ·

53 1330 138 1406 duic,
169 1330 325 1394 decretum
347 1332 379 1394 in
400 1329 550 1413 Capitolio
571 1331 672 1395 dnum.
721 1332 789 1406 Quo
809 1330 969 1414 proposito

53 1429 132 1474 nemo
155 1421 242 1490 eret,
277 1416 330 1496 <pri
358 1416 389 1480 in
418 1416 487 1497 ipso
517 1414 625 1478 dolore
648 1415 742 1479 risum
763 1419 868 1496 posset
890 1429 970 1476 con-

14 1541 17 1546 ,
54 1496 148 1559 tinere.
194 1497 276 1571 Quis.
303 1499 384 1562 enim
412 1499 552 1580 cuiquem
581 1499 732 1563 inimicior
761 1516 850 1578 quom
871 1496 1016 1566 Deio-04

53 1582 109 1641 tero
130 1579 258 1644 Cesar?
291 1593 387 1665 ‘teque
415 1588 505 1663 atque
526 1582 597 1645 huic
622 1580 742 1653 ordini,
771 1586 805 1642 ut
824 1578 971 1660 equestri,

54 1667 82 1723 ut
101 1663 351 1742 Massiliensibus,
375 1665 578 1742 dominibus,
600 1664 710 1746 quibus
731 1681 795 1730 rem
818 1663 971 1744 publicem
1014 1683 1019 1692 ·

54 1747 161 1845 populi·
176 1747 304 1811 Ronnni
332 1755 433 1812 ocrem
462 1766 534 1812 esse
560 1748 718 1812 sentiebat.
748 1747 915 1845 'igitur²,
951 1761 970 1842 ς

55 1845 117 1974 tlt
133 1830 971 1997 instit.‚lttttttnttttldttttttd
1017 1931 1021 1938 ·

55 1991 410 2098 donpellmet'bospiten
424 2010 571 2096 presens,
592 2004 789 2122 computaret,
810 1995 971 2094 pecunioso

56 2079 971 2259 pompeiis12sspfggwtppafflnffimmparimas&

57 2242 151 2310 dotem
186 2249 258 2312 llaec
278 2250 364 2312 vivre
387 2250 507 2332 cripuit,
528 2248 627 2312 reddit
649 2255 795 2314 mortuus.
837 2247 880 2310 At
898 2253 1017 2328 qur-ot

57 2324 105 2422 bus
125 2331 254 2395 sortist
299 2332 402 2410 blodo,
430 2350 548 2414 equum
569 2332 629 2396 sibi
649 2331 756 2410 videri,
782 2331 886 2410 modo,
909 2345 972 2392 non

58 2411 186 2492 iniquum
229 2415 307 2480 bliro
329 2417 491 2479 verborum
518 2416 699 2497 complexio.
741 2414 782 2478 At
802 2414 856 2480 ille
879 2430 972 2476 num-

58 2509 141 2578 quam!
162 2498 297 2582 (semper
324 2501 405 2562 enirn
437 2499 555 2564 absenti
584 2497 667 2562 ediui
685 2497 845 2579 Deiotaro)
878 2493 972 2578 quid-

58 2583 227 2660 transibi,
251 2583 333 2665 quod
356 2599 413 2646 nos
434 2600 494 2665 pro
514 2583 567 2646 illo
591 2582 824 2664 postularemus,
852 2595 971 2660 equum

60 2657 122 2724 dixit
138 2665 243 2729 videri.
278 2665 458 2749 syngrapha
477 2665 534 2729 HS.
555 2667 672 2728 centies
692 2683 749 2747 per
768 2666 901 2747 regmos,
921 2661 973 2724 ui-

59 2757 114 2840 ros
128 2743 261 2828 bonos„
276 2750 331 2812 sed
352 2750 474 2814 timidos
503 2755 535 2812 et
556 2749 734 2830 imperitos,
768 2749 836 2810 sine
857 2749 973 2824 nosen,

60 2841 115 2889 true
133 2832 319 2914 reliquorum
340 2833 497 2916 hospitum·
520 2835 605 2916 regis
631 2833 798 2910 sententie,
830 2827 911 2904 lecto
940 2828 973 2899 itt

60 2924 201 2992 gyueceo,
226 2933 287 2998 quo
307 2918 339 2979 in
353 2917 423 2979 loco
445 2917 583 2999 plurime
603 2933 654 2978 res
676 2916 836 2978 venierunt
849 2920 880 2976 et
893 2928 973 2976 uen-

61 3000 127 3057 etut
172 2997 237 3072 Qus
264 3019 304 3064 cx
332 3000 506 3083 syngrapho
531 2999 603 3081 quid
625 3001 669 3063 sis
699 3005 841 3073 snmus,
871 2994 973 3060 medi-

61 3076 115 3138 tere
127 3097 247 3144 censeo.
284 3083 352 3146 llex
372 3086 452 3148 enim
473 3085 542 3164 ipse
558 3102 614 3148 suo
634 3089 753 3164 sponte,
775 3081 867 3147 nullis
884 3098 973 3155 com-

62 3165 199 3227 mentariis
224 3165 375 3244 cesaris,
408 3169 497 3232 simul
522 3173 613 3247 etque
635 3165 748 3230 audivit
769 3167 835 3228 eius
862 3164 973 3229 interi-

63 3242 121 3320 tum,
142 3265 199 3310 suo
218 3249 312 3314 blorte
334 3269 385 3314 res
406 3269 478 3314 suos
503 3251 703 3332 recuperavit.
724 3248 860 3314 'Sciebat
880 3249 1019 3312 homost

62 3328 179 3422 sopiens,
201 3332 249 3394 ius
272 3352 394 3416 semper
410 3334 470 3398 boc
486 3332 592 3411 luisse,
616 3341 659 3412 ut,
682 3351 748 3414 qne
768 3333 887 3413 tyranni
906 3331 973 3394 eri·
1005 3415 1007 3420 Ι

63 3419 201 3491 tuissent,
230 3434 284 3495 ea,
307 3419 443 3499 tyrannis
466 3417 653 3495 interiectis,
675 3416 716 3493 ii,
740 3417 849 3498 quibus
869 3420 974 3496 erepte

65 3501 159 3581 essent,
181 3508 404 3582 recuperarent.
450 3500 546 3563 Nemo
566 3502 659 3582 igitur
681 3499 913 3579 iureconsultus,
933 3515 973 3560 ne
1029 3499 1034 3508 ’

65 3576 112 3635 rste
132 3581 258 3661 quidem,
279 3587 330 3668 qui
356 3585 410 3648 tibi
433 3585 485 3648 uni
500 3591 547 3648 est
560 3583 793 3662 iureconsultus,
812 3601 868 3666 per
884 3600 972 3665 quem
1085 3581 1106 3670 ’Δ

66 3698 277 3726 ’.κω-

96 3768 265 3835 ¹tdiversis.
301 3782 387 3837 'Sed
408 3780 518 3850 [igiturl.
556 3781 754 3839 'toparchiam
773 3795 855 3836 unum
875 3798 971 3834 mcccc.
