<?xml version="1.0" encoding="UTF-8"?>
<!DOCTYPE html PUBLIC "-//W3C//DTD XHTML 1.0 Transitional//EN"
    "http://www.w3.org/TR/xhtml1/DTD/xhtml1-transitional.dtd">
<html xmlns="http://www.w3.org/1999/xhtml" xml:lang="en" lang="en">
 <head>
  <title>
</title>
<meta http-equiv="Content-Type" content="text/html;charset=utf-8" />
  <meta name='ocr-system' content='tesseract 3.04.00' />
  <meta name='ocr-capabilities' content='ocr_page ocr_carea ocr_par ocr_line ocrx_word'/>
</head>
<body>
  <div class='ocr_page' id='page_1' title='image "./orationesselect00madvgoog_0118.png"; bbox 0 0 2468 4318; ppageno 0'>
   <div class='ocr_carea' id='block_1_1' title="bbox 233 203 956 264">
    <p class='ocr_par' dir='ltr' id='par_1_1' title="bbox 233 163 956 264">
     <span class='ocr_line' id='line_1_1' title="bbox 233 203 956 264; baseline 0 0"><span class='ocrx_word' id='word_1_1' title='bbox 233 207 326 264; x_wconf 81' lang='lat' dir='ltr'><strong>eno</strong></span> <span class='ocrx_word' id='word_1_2' title='bbox 354 205 483 264; x_wconf 81' lang='lat' dir='ltr'><strong>nucu</strong></span> <span class='ocrx_word' id='word_1_3' title='bbox 510 203 731 264; x_wconf 78' lang='lat' dir='ltr'><strong>uaniora.</strong></span> <span class='ocrx_word' id='word_1_4' title='bbox 920 213 956 264; x_wconf 77' lang='lat' dir='ltr'><strong>aa</strong></span> 
     </span>
    </p>
   </div>
   <div class='ocr_carea' id='block_1_2' title="bbox 40 375 1084 3546">
    <p class='ocr_par' dir='ltr' id='par_1_2' title="bbox 44 375 1045 540">
     <span class='ocr_line' id='line_1_2' title="bbox 44 375 1045 464; baseline 0.003 -20"><span class='ocrx_word' id='word_1_5' title='bbox 44 385 175 462; x_wconf 73' lang='lat' dir='ltr'><strong>pontum</strong></span> <span class='ocrx_word' id='word_1_6' title='bbox 198 379 279 464; x_wconf 87' lang='lat' dir='ltr'><strong>apud</strong></span> <span class='ocrx_word' id='word_1_7' title='bbox 307 379 379 444; x_wconf 92' lang='lat' dir='ltr'><strong>illos</strong></span> <span class='ocrx_word' id='word_1_8' title='bbox 402 397 513 464; x_wconf 82' lang='lat' dir='ltr'><strong>reges,</strong></span> <span class='ocrx_word' id='word_1_9' title='bbox 557 383 699 462; x_wconf 85' lang='lat' dir='ltr'><strong>quantum</strong></span> <span class='ocrx_word' id='word_1_10' title='bbox 730 377 809 464; x_wconf 87' lang='lat' dir='ltr'><strong>apud</strong></span> <span class='ocrx_word' id='word_1_11' title='bbox 837 375 958 447; x_wconf 80' lang='lat' dir='ltr'><strong>exteras</strong></span> <span class='ocrx_word' id='word_1_12' title='bbox 1041 409 1045 419; x_wconf 46' lang='lat' dir='ltr'><em>f</em></span> 
     </span>
     <span class='ocr_line' id='line_1_3' title="bbox 45 465 872 540; baseline -0.002 -13"><span class='ocrx_word' id='word_1_13' title='bbox 45 467 171 528; x_wconf 89' lang='lat' dir='ltr'><strong>nationes</strong></span> <span class='ocrx_word' id='word_1_14' title='bbox 193 465 352 528; x_wconf 82' lang='lat' dir='ltr'><strong>valituram</strong></span> <span class='ocrx_word' id='word_1_15' title='bbox 370 481 440 528; x_wconf 88' lang='lat' dir='ltr'><strong>esse</strong></span> <span class='ocrx_word' id='word_1_16' title='bbox 462 465 648 526; x_wconf 85' lang='lat' dir='ltr'><strong>existimetis.</strong></span> <span class='ocrx_word' id='word_1_17' title='bbox 770 527 772 540; x_wconf 73' lang='grc'>,</span> <span class='ocrx_word' id='word_1_18' title='bbox 870 489 872 498; x_wconf 92' lang='grc'><strong><em>·</em></strong></span> 
     </span>
    </p>

    <p class='ocr_par' dir='ltr' id='par_1_3' title="bbox 40 546 1084 2944">
     <span class='ocr_line' id='line_1_4' title="bbox 124 546 1003 631; baseline 0.003 -21"><span class='ocrx_word' id='word_1_19' title='bbox 124 547 281 631; x_wconf 83' lang='lat' dir='ltr'><strong>Reliquum</strong></span> <span class='ocrx_word' id='word_1_20' title='bbox 305 555 370 626; x_wconf 89' lang='lat' dir='ltr'><strong>est,</strong></span> <span class='ocrx_word' id='word_1_21' title='bbox 401 555 435 611; x_wconf 92' lang='lat' dir='ltr'><strong>ut</strong></span> <span class='ocrx_word' id='word_1_22' title='bbox 456 548 493 611; x_wconf 91' lang='lat' dir='ltr'><strong>de</strong></span> <span class='ocrx_word' id='word_1_23' title='bbox 514 546 678 626; x_wconf 88' lang='lat' dir='ltr'><strong>felicitate,</strong></span> <span class='ocrx_word' id='word_1_24' title='bbox 707 565 796 630; x_wconf 83' lang='lat' dir='ltr'><strong>quam</strong></span> <span class='ocrx_word' id='word_1_25' title='bbox 812 553 1003 629; x_wconf 76' lang='lat' dir='ltr'><strong>praestarem</strong></span> 
     </span>
     <span class='ocr_line' id='line_1_5' title="bbox 45 627 959 714; baseline 0.003 -22"><span class='ocrx_word' id='word_1_26' title='bbox 45 627 79 692; x_wconf 81' lang='lat' dir='ltr'><strong>ta</strong></span> <span class='ocrx_word' id='word_1_27' title='bbox 97 649 129 693; x_wconf 91' lang='lat' dir='ltr'><strong>se</strong></span> <span class='ocrx_word' id='word_1_28' title='bbox 151 633 218 714; x_wconf 90' lang='lat' dir='ltr'><strong>ipso</strong></span> <span class='ocrx_word' id='word_1_29' title='bbox 242 649 330 694; x_wconf 88' lang='lat' dir='ltr'><strong>nemo</strong></span> <span class='ocrx_word' id='word_1_30' title='bbox 352 637 462 713; x_wconf 90' lang='lat' dir='ltr'><strong>potest,</strong></span> <span class='ocrx_word' id='word_1_31' title='bbox 482 632 656 694; x_wconf 82' lang='lat' dir='ltr'><strong>meminisse</strong></span> <span class='ocrx_word' id='word_1_32' title='bbox 673 637 703 694; x_wconf 90' lang='lat' dir='ltr'><strong>et</strong></span> <span class='ocrx_word' id='word_1_33' title='bbox 719 649 959 695; x_wconf 87' lang='lat' dir='ltr'><strong>commemorare</strong></span> 
     </span>
     <span class='ocr_line' id='line_1_6' title="bbox 45 713 959 798; baseline 0.005 -24"><span class='ocrx_word' id='word_1_34' title='bbox 45 713 78 775; x_wconf 92' lang='lat' dir='ltr'><strong>de</strong></span> <span class='ocrx_word' id='word_1_35' title='bbox 98 715 189 778; x_wconf 90' lang='lat' dir='ltr'><strong>altero</strong></span> <span class='ocrx_word' id='word_1_36' title='bbox 213 733 386 798; x_wconf 89' lang='lat' dir='ltr'><strong>possumus,</strong></span> <span class='ocrx_word' id='word_1_37' title='bbox 418 717 495 779; x_wconf 90' lang='lat' dir='ltr'><strong>siout</strong></span> <span class='ocrx_word' id='word_1_38' title='bbox 513 733 631 797; x_wconf 81' lang='lat' dir='ltr'><strong>aequum</strong></span> <span class='ocrx_word' id='word_1_39' title='bbox 654 714 890 798; x_wconf 73' lang='lat' dir='ltr'><strong>est,h0nines¹</strong></span> <span class='ocrx_word' id='word_1_40' title='bbox 920 715 959 779; x_wconf 91' lang='lat' dir='ltr'><strong>de</strong></span> 
     </span>
     <span class='ocr_line' id='line_1_7' title="bbox 44 798 959 881; baseline 0.002 -21"><span class='ocrx_word' id='word_1_41' title='bbox 44 805 179 878; x_wconf 79' lang='lat' dir='ltr'><strong>potestate</strong></span> <span class='ocrx_word' id='word_1_42' title='bbox 209 800 355 878; x_wconf 89' lang='lat' dir='ltr'><strong>deorum,</strong></span> <span class='ocrx_word' id='word_1_43' title='bbox 396 799 500 861; x_wconf 87' lang='lat' dir='ltr'><strong>timide</strong></span> <span class='ocrx_word' id='word_1_44' title='bbox 525 803 554 861; x_wconf 89' lang='lat' dir='ltr'><strong>et</strong></span> <span class='ocrx_word' id='word_1_45' title='bbox 574 815 679 880; x_wconf 85' lang='lat' dir='ltr'><strong>pauca</strong></span> <span class='ocrx_word' id='word_1_46' title='bbox 692 798 835 862; x_wconf 81' lang='lat' dir='ltr'><strong>dicamus.</strong></span> <span class='ocrx_word' id='word_1_47' title='bbox 891 799 959 881; x_wconf 83' lang='lat' dir='ltr'><strong>Ego</strong></span> 
     </span>
     <span class='ocr_line' id='line_1_8' title="bbox 46 877 958 965; baseline 0.003 -24"><span class='ocrx_word' id='word_1_48' title='bbox 46 883 115 943; x_wconf 90' lang='lat' dir='ltr'><strong>enim</strong></span> <span class='ocrx_word' id='word_1_49' title='bbox 143 884 187 945; x_wconf 93' lang='lat' dir='ltr'><strong>sic</strong></span> <span class='ocrx_word' id='word_1_50' title='bbox 216 884 376 960; x_wconf 87' lang='lat' dir='ltr'><strong>existimo,</strong></span> <span class='ocrx_word' id='word_1_51' title='bbox 417 881 566 960; x_wconf 86' lang='lat' dir='ltr'><strong>Maximo,</strong></span> <span class='ocrx_word' id='word_1_52' title='bbox 610 881 770 961; x_wconf 80' lang='lat' dir='ltr'><strong>Marcello,</strong></span> <span class='ocrx_word' id='word_1_53' title='bbox 813 877 958 965; x_wconf 80' lang='lat' dir='ltr'><strong>Scipioni,</strong></span> 
     </span>
     <span class='ocr_line' id='line_1_9' title="bbox 45 963 958 1048; baseline 0.002 -22"><span class='ocrx_word' id='word_1_54' title='bbox 45 963 128 1027; x_wconf 91' lang='lat' dir='ltr'><strong>llario</strong></span> <span class='ocrx_word' id='word_1_55' title='bbox 160 973 190 1028; x_wconf 93' lang='lat' dir='ltr'><strong>et</strong></span> <span class='ocrx_word' id='word_1_56' title='bbox 220 967 332 1028; x_wconf 90' lang='lat' dir='ltr'><strong>ceteris</strong></span> <span class='ocrx_word' id='word_1_57' title='bbox 364 967 482 1048; x_wconf 84' lang='lat' dir='ltr'><strong>magnis</strong></span> <span class='ocrx_word' id='word_1_58' title='bbox 509 966 741 1047; x_wconf 78' lang='lat' dir='ltr'><strong>imperatoribus</strong></span> <span class='ocrx_word' id='word_1_59' title='bbox 769 981 832 1028; x_wconf 92' lang='lat' dir='ltr'><strong>non</strong></span> <span class='ocrx_word' id='word_1_60' title='bbox 858 965 958 1028; x_wconf 92' lang='lat' dir='ltr'><strong>solum</strong></span> 
     </span>
     <span class='ocr_line' id='line_1_10' title="bbox 44 1047 958 1130; baseline 0.004 -22"><span class='ocrx_word' id='word_1_61' title='bbox 44 1053 157 1129; x_wconf 90' lang='lat' dir='ltr'><strong>propter</strong></span> <span class='ocrx_word' id='word_1_62' title='bbox 178 1051 338 1126; x_wconf 90' lang='lat' dir='ltr'><strong>virtutem,</strong></span> <span class='ocrx_word' id='word_1_63' title='bbox 376 1049 431 1112; x_wconf 93' lang='lat' dir='ltr'><strong>sed</strong></span> <span class='ocrx_word' id='word_1_64' title='bbox 461 1051 551 1112; x_wconf 92' lang='lat' dir='ltr'><strong>etiam</strong></span> <span class='ocrx_word' id='word_1_65' title='bbox 574 1055 700 1130; x_wconf 91' lang='lat' dir='ltr'><strong>propter</strong></span> <span class='ocrx_word' id='word_1_66' title='bbox 721 1047 871 1112; x_wconf 89' lang='lat' dir='ltr'><strong>fortunam</strong></span> <span class='ocrx_word' id='word_1_67' title='bbox 895 1067 958 1112; x_wconf 82' lang='lat' dir='ltr'><strong>sre-</strong></span> 
     </span>
     <span class='ocr_line' id='line_1_11' title="bbox 44 1131 1019 1216; baseline 0.003 -23"><span class='ocrx_word' id='word_1_68' title='bbox 44 1131 103 1210; x_wconf 89' lang='lat' dir='ltr'><strong>pius</strong></span> <span class='ocrx_word' id='word_1_69' title='bbox 123 1133 248 1216; x_wconf 90' lang='lat' dir='ltr'><strong>imperia</strong></span> <span class='ocrx_word' id='word_1_70' title='bbox 269 1133 405 1196; x_wconf 89' lang='lat' dir='ltr'><strong>mandata</strong></span> <span class='ocrx_word' id='word_1_71' title='bbox 428 1139 516 1215; x_wconf 88' lang='lat' dir='ltr'><strong>atque</strong></span> <span class='ocrx_word' id='word_1_72' title='bbox 541 1134 692 1198; x_wconf 86' lang='lat' dir='ltr'><strong>exercitus</strong></span> <span class='ocrx_word' id='word_1_73' title='bbox 714 1149 783 1196; x_wconf 89' lang='lat' dir='ltr'><strong>esse</strong></span> <span class='ocrx_word' id='word_1_74' title='bbox 813 1133 958 1196; x_wconf 86' lang='lat' dir='ltr'><strong>commis·</strong></span> <span class='ocrx_word' id='word_1_75' title='bbox 1017 1207 1019 1216; x_wconf 74' lang='lat'>‚</span> 
     </span>
     <span class='ocr_line' id='line_1_12' title="bbox 45 1214 959 1298; baseline 0.004 -23"><span class='ocrx_word' id='word_1_76' title='bbox 45 1231 97 1276; x_wconf 90' lang='lat' dir='ltr'><strong>sos.</strong></span> <span class='ocrx_word' id='word_1_77' title='bbox 149 1217 214 1279; x_wconf 89' lang='lat' dir='ltr'><strong>Fuit</strong></span> <span class='ocrx_word' id='word_1_78' title='bbox 242 1217 323 1279; x_wconf 89' lang='lat' dir='ltr'><strong>enim</strong></span> <span class='ocrx_word' id='word_1_79' title='bbox 354 1214 491 1298; x_wconf 86' lang='lat' dir='ltr'><strong>protecto</strong></span> <span class='ocrx_word' id='word_1_80' title='bbox 526 1215 702 1298; x_wconf 89' lang='lat' dir='ltr'><strong>quibusdam</strong></span> <span class='ocrx_word' id='word_1_81' title='bbox 732 1216 855 1282; x_wconf 90' lang='lat' dir='ltr'><strong>summis</strong></span> <span class='ocrx_word' id='word_1_82' title='bbox 883 1216 959 1279; x_wconf 89' lang='lat' dir='ltr'><strong>viris</strong></span> 
     </span>
     <span class='ocr_line' id='line_1_13' title="bbox 45 1297 959 1382; baseline 0.003 -23"><span class='ocrx_word' id='word_1_83' title='bbox 45 1298 166 1376; x_wconf 82' lang='lat' dir='ltr'><strong>quedam</strong></span> <span class='ocrx_word' id='word_1_84' title='bbox 189 1300 227 1363; x_wconf 89' lang='lat' dir='ltr'><strong>ad</strong></span> <span class='ocrx_word' id='word_1_85' title='bbox 250 1299 477 1379; x_wconf 69' lang='lat' dir='ltr'><strong>&#39;amplitudinem</strong></span> <span class='ocrx_word' id='word_1_86' title='bbox 506 1306 535 1362; x_wconf 90' lang='lat' dir='ltr'><strong>et</strong></span> <span class='ocrx_word' id='word_1_87' title='bbox 555 1297 617 1361; x_wconf 76' lang='lat' dir='ltr'><strong>atl²</strong></span> <span class='ocrx_word' id='word_1_88' title='bbox 646 1298 775 1382; x_wconf 81' lang='lat' dir='ltr'><strong>gloriam</strong></span> <span class='ocrx_word' id='word_1_89' title='bbox 797 1298 883 1362; x_wconf 90' lang='lat' dir='ltr'><strong>etad</strong></span> <span class='ocrx_word' id='word_1_90' title='bbox 906 1316 959 1363; x_wconf 93' lang='lat' dir='ltr'><strong>res</strong></span> 
     </span>
     <span class='ocr_line' id='line_1_14' title="bbox 44 1381 958 1465; baseline 0.005 -25"><span class='ocrx_word' id='word_1_91' title='bbox 44 1399 155 1463; x_wconf 82' lang='lat' dir='ltr'><strong>magnas</strong></span> <span class='ocrx_word' id='word_1_92' title='bbox 185 1384 266 1446; x_wconf 90' lang='lat' dir='ltr'><strong>bene</strong></span> <span class='ocrx_word' id='word_1_93' title='bbox 297 1383 448 1465; x_wconf 81' lang='lat' dir='ltr'><strong>gerendas</strong></span> <span class='ocrx_word' id='word_1_94' title='bbox 480 1383 621 1445; x_wconf 88' lang='lat' dir='ltr'><strong>divinitus</strong></span> <span class='ocrx_word' id='word_1_95' title='bbox 654 1381 793 1446; x_wconf 89' lang='lat' dir='ltr'><strong>adiuncta</strong></span> <span class='ocrx_word' id='word_1_96' title='bbox 825 1381 958 1447; x_wconf 83' lang='lat' dir='ltr'><strong>forbrna.</strong></span> 
     </span>
     <span class='ocr_line' id='line_1_15' title="bbox 44 1461 959 1547; baseline 0.007 -25"><span class='ocrx_word' id='word_1_97' title='bbox 44 1461 82 1524; x_wconf 86' lang='lat' dir='ltr'><strong>lte</strong></span> <span class='ocrx_word' id='word_1_98' title='bbox 103 1465 188 1530; x_wconf 92' lang='lat' dir='ltr'><strong>buius</strong></span> <span class='ocrx_word' id='word_1_99' title='bbox 213 1473 313 1532; x_wconf 89' lang='lat' dir='ltr'><strong>autem</strong></span> <span class='ocrx_word' id='word_1_100' title='bbox 332 1465 463 1531; x_wconf 90' lang='lat' dir='ltr'><strong>hominis</strong></span> <span class='ocrx_word' id='word_1_101' title='bbox 491 1465 653 1543; x_wconf 84' lang='lat' dir='ltr'><strong>felicitate,</strong></span> <span class='ocrx_word' id='word_1_102' title='bbox 691 1466 730 1528; x_wconf 90' lang='lat' dir='ltr'><strong>de</strong></span> <span class='ocrx_word' id='word_1_103' title='bbox 760 1466 845 1547; x_wconf 78' lang='lat' dir='ltr'><strong>quo³</strong></span> <span class='ocrx_word' id='word_1_104' title='bbox 876 1485 959 1529; x_wconf 91' lang='lat' dir='ltr'><strong>nunc</strong></span> 
     </span>
     <span class='ocr_line' id='line_1_16' title="bbox 44 1548 959 1628; baseline 0.007 -22"><span class='ocrx_word' id='word_1_105' title='bbox 44 1548 164 1628; x_wconf 85' lang='lat' dir='ltr'><strong>agimus,</strong></span> <span class='ocrx_word' id='word_1_106' title='bbox 200 1550 258 1613; x_wconf 88' lang='lat' dir='ltr'><strong>bac</strong></span> <span class='ocrx_word' id='word_1_107' title='bbox 284 1556 365 1612; x_wconf 88' lang='lat' dir='ltr'><strong>utar·</strong></span> <span class='ocrx_word' id='word_1_108' title='bbox 381 1548 588 1611; x_wconf 88' lang='lat' dir='ltr'><strong>moderatione</strong></span> <span class='ocrx_word' id='word_1_109' title='bbox 612 1548 752 1626; x_wconf 88' lang='lat' dir='ltr'><strong>dicendi,</strong></span> <span class='ocrx_word' id='word_1_110' title='bbox 785 1565 847 1611; x_wconf 94' lang='lat' dir='ltr'><strong>non</strong></span> <span class='ocrx_word' id='word_1_111' title='bbox 870 1557 905 1612; x_wconf 94' lang='lat' dir='ltr'><strong>ut</strong></span> <span class='ocrx_word' id='word_1_112' title='bbox 926 1550 959 1612; x_wconf 94' lang='lat' dir='ltr'><strong>in</strong></span> 
     </span>
     <span class='ocr_line' id='line_1_17' title="bbox 44 1629 959 1714; baseline 0.005 -25"><span class='ocrx_word' id='word_1_113' title='bbox 44 1629 113 1694; x_wconf 92' lang='lat' dir='ltr'><strong>illius</strong></span> <span class='ocrx_word' id='word_1_114' title='bbox 134 1639 285 1714; x_wconf 80' lang='lat' dir='ltr'><strong>potestate</strong></span> <span class='ocrx_word' id='word_1_115' title='bbox 307 1631 457 1695; x_wconf 83' lang='lat' dir='ltr'><strong>forturmm</strong></span> <span class='ocrx_word' id='word_1_116' title='bbox 485 1633 616 1714; x_wconf 79' lang='lat' dir='ltr'><strong>positam</strong></span> <span class='ocrx_word' id='word_1_117' title='bbox 648 1649 719 1693; x_wconf 90' lang='lat' dir='ltr'><strong>esse</strong></span> <span class='ocrx_word' id='word_1_118' title='bbox 747 1632 862 1710; x_wconf 89' lang='lat' dir='ltr'><strong>dicam,</strong></span> <span class='ocrx_word' id='word_1_119' title='bbox 902 1629 959 1695; x_wconf 90' lang='lat' dir='ltr'><strong>sed</strong></span> 
     </span>
     <span class='ocr_line' id='line_1_18' title="bbox 44 1714 1026 1796; baseline 0.003 -23"><span class='ocrx_word' id='word_1_120' title='bbox 44 1719 71 1774; x_wconf 93' lang='lat' dir='ltr'><strong>ut</strong></span> <span class='ocrx_word' id='word_1_121' title='bbox 88 1718 234 1796; x_wconf 78' lang='lat' dir='ltr'><strong>praeterita</strong></span> <span class='ocrx_word' id='word_1_122' title='bbox 251 1717 459 1792; x_wconf 89' lang='lat' dir='ltr'><strong>meminisse,</strong></span> <span class='ocrx_word' id='word_1_123' title='bbox 491 1715 609 1796; x_wconf 87' lang='lat' dir='ltr'><strong>reliqua</strong></span> <span class='ocrx_word' id='word_1_124' title='bbox 637 1733 763 1796; x_wconf 88' lang='lat' dir='ltr'><strong>sperare</strong></span> <span class='ocrx_word' id='word_1_125' title='bbox 792 1714 959 1794; x_wconf 86' lang='lat' dir='ltr'><strong>videamur,</strong></span> <span class='ocrx_word' id='word_1_126' title='bbox 1023 1730 1026 1738; x_wconf 88' lang='lat'>·</span> 
     </span>
     <span class='ocr_line' id='line_1_19' title="bbox 43 1799 959 1864; baseline 0.005 -8"><span class='ocrx_word' id='word_1_127' title='bbox 43 1813 76 1857; x_wconf 91' lang='lat' dir='ltr'><strong>ne</strong></span> <span class='ocrx_word' id='word_1_128' title='bbox 93 1806 139 1861; x_wconf 91' lang='lat' dir='ltr'><strong>aut</strong></span> <span class='ocrx_word' id='word_1_129' title='bbox 156 1802 252 1864; x_wconf 89' lang='lat' dir='ltr'><strong>invisa</strong></span> <span class='ocrx_word' id='word_1_130' title='bbox 275 1800 332 1863; x_wconf 87' lang='lat' dir='ltr'><strong>diis</strong></span> <span class='ocrx_word' id='word_1_131' title='bbox 354 1799 571 1861; x_wconf 89' lang='lat' dir='ltr'><strong>immortalibus</strong></span> <span class='ocrx_word' id='word_1_132' title='bbox 596 1800 692 1862; x_wconf 89' lang='lat' dir='ltr'><strong>oratio</strong></span> <span class='ocrx_word' id='word_1_133' title='bbox 715 1805 818 1863; x_wconf 90' lang='lat' dir='ltr'><strong>nostra</strong></span> <span class='ocrx_word' id='word_1_134' title='bbox 840 1807 891 1862; x_wconf 89' lang='lat' dir='ltr'><strong>aut</strong></span> <span class='ocrx_word' id='word_1_135' title='bbox 907 1799 959 1861; x_wconf 84' lang='lat' dir='ltr'><strong>in-</strong></span> 
     </span>
     <span class='ocr_line' id='line_1_20' title="bbox 44 1882 1006 1966; baseline 0.01 -27"><span class='ocrx_word' id='word_1_136' title='bbox 44 1889 118 1959; x_wconf 86' lang='lat' dir='ltr'><strong>grata</strong></span> <span class='ocrx_word' id='word_1_137' title='bbox 141 1883 379 1966; x_wconf 15' lang='lat' dir='ltr'><strong>essestvideatur.</strong></span> <span class='ocrx_word' id='word_1_138' title='bbox 430 1882 534 1964; x_wconf 88' lang='lat' dir='ltr'><strong>ltaque</strong></span> <span class='ocrx_word' id='word_1_139' title='bbox 556 1900 618 1945; x_wconf 91' lang='lat' dir='ltr'><strong>non</strong></span> <span class='ocrx_word' id='word_1_140' title='bbox 641 1900 706 1945; x_wconf 92' lang='lat' dir='ltr'><strong>sum</strong></span> <span class='ocrx_word' id='word_1_141' title='bbox 730 1884 1006 1964; x_wconf 64' lang='lat' dir='ltr'><strong>praedicaturusls</strong></span> 
     </span>
     <span class='ocr_line' id='line_1_21' title="bbox 44 1965 1067 2048; baseline 0.006 -26"><span class='ocrx_word' id='word_1_142' title='bbox 44 1966 180 2041; x_wconf 83' lang='lat' dir='ltr'><strong>quautas⁴</strong></span> <span class='ocrx_word' id='word_1_143' title='bbox 215 1969 269 2030; x_wconf 91' lang='lat' dir='ltr'><strong>ille</strong></span> <span class='ocrx_word' id='word_1_144' title='bbox 297 1984 348 2030; x_wconf 91' lang='lat' dir='ltr'><strong>res</strong></span> <span class='ocrx_word' id='word_1_145' title='bbox 377 1965 458 2028; x_wconf 89' lang='lat' dir='ltr'><strong>domi</strong></span> <span class='ocrx_word' id='word_1_146' title='bbox 480 1966 672 2048; x_wconf 88' lang='lat' dir='ltr'><strong>militiaeque,</strong></span> <span class='ocrx_word' id='word_1_147' title='bbox 706 1973 787 2030; x_wconf 88' lang='lat' dir='ltr'><strong>terra</strong></span> <span class='ocrx_word' id='word_1_148' title='bbox 810 1968 959 2048; x_wconf 86' lang='lat' dir='ltr'><strong>marique,</strong></span> <span class='ocrx_word' id='word_1_149' title='bbox 1066 1977 1067 1989; x_wconf 60' lang='lat'>¹</span> 
     </span>
     <span class='ocr_line' id='line_1_22' title="bbox 45 2050 960 2134; baseline 0.005 -26"><span class='ocrx_word' id='word_1_150' title='bbox 45 2054 200 2134; x_wconf 88' lang='lat' dir='ltr'><strong>quantaque</strong></span> <span class='ocrx_word' id='word_1_151' title='bbox 222 2050 369 2114; x_wconf 88' lang='lat' dir='ltr'><strong>felicitate</strong></span> <span class='ocrx_word' id='word_1_152' title='bbox 388 2051 535 2131; x_wconf 85' lang='lat' dir='ltr'><strong>gesserit,</strong></span> <span class='ocrx_word' id='word_1_153' title='bbox 559 2055 592 2112; x_wconf 91' lang='lat' dir='ltr'><strong>ut</strong></span> <span class='ocrx_word' id='word_1_154' title='bbox 614 2051 679 2112; x_wconf 91' lang='lat' dir='ltr'><strong>eius</strong></span> <span class='ocrx_word' id='word_1_155' title='bbox 703 2067 825 2132; x_wconf 89' lang='lat' dir='ltr'><strong>semper</strong></span> <span class='ocrx_word' id='word_1_156' title='bbox 845 2051 960 2115; x_wconf 89' lang='lat' dir='ltr'><strong>volun-</strong></span> 
     </span>
     <span class='ocr_line' id='line_1_23' title="bbox 44 2130 960 2216; baseline 0.011 -30"><span class='ocrx_word' id='word_1_157' title='bbox 44 2130 139 2194; x_wconf 87' lang='lat' dir='ltr'><strong>tatibus</strong></span> <span class='ocrx_word' id='word_1_158' title='bbox 161 2150 223 2197; x_wconf 90' lang='lat' dir='ltr'><strong>non</strong></span> <span class='ocrx_word' id='word_1_159' title='bbox 244 2134 336 2196; x_wconf 91' lang='lat' dir='ltr'><strong>modo</strong></span> <span class='ocrx_word' id='word_1_160' title='bbox 359 2135 441 2196; x_wconf 90' lang='lat' dir='ltr'><strong>cives</strong></span> <span class='ocrx_word' id='word_1_161' title='bbox 465 2134 669 2212; x_wconf 86' lang='lat' dir='ltr'><strong>assenserint,</strong></span> <span class='ocrx_word' id='word_1_162' title='bbox 701 2135 778 2197; x_wconf 90' lang='lat' dir='ltr'><strong>socii</strong></span> <span class='ocrx_word' id='word_1_163' title='bbox 800 2133 960 2216; x_wconf 86' lang='lat' dir='ltr'><strong>obtempe-</strong></span> 
     </span>
     <span class='ocr_line' id='line_1_24' title="bbox 44 2215 968 2300; baseline 0.012 -30"><span class='ocrx_word' id='word_1_164' title='bbox 44 2215 137 2294; x_wconf 86' lang='lat' dir='ltr'><strong>rarint,</strong></span> <span class='ocrx_word' id='word_1_165' title='bbox 168 2217 273 2282; x_wconf 89' lang='lat' dir='ltr'><strong>hostes</strong></span> <span class='ocrx_word' id='word_1_166' title='bbox 294 2216 474 2295; x_wconf 86' lang='lat' dir='ltr'><strong>obedierint,</strong></span> <span class='ocrx_word' id='word_1_167' title='bbox 498 2217 553 2283; x_wconf 88' lang='lat' dir='ltr'><strong>sed</strong></span> <span class='ocrx_word' id='word_1_168' title='bbox 578 2219 668 2280; x_wconf 88' lang='lat' dir='ltr'><strong>etiam</strong></span> <span class='ocrx_word' id='word_1_169' title='bbox 689 2219 771 2280; x_wconf 87' lang='lat' dir='ltr'><strong>uenti</strong></span> <span class='ocrx_word' id='word_1_170' title='bbox 792 2224 968 2300; x_wconf 44' lang='lat' dir='ltr'><strong>tempestas</strong></span> 
     </span>
     <span class='ocr_line' id='line_1_25' title="bbox 44 2299 961 2378; baseline 0.005 -21"><span class='ocrx_word' id='word_1_171' title='bbox 44 2299 138 2377; x_wconf 85' lang='lat' dir='ltr'><strong>tesque</strong></span> <span class='ocrx_word' id='word_1_172' title='bbox 160 2300 411 2377; x_wconf 68' lang='lat' dir='ltr'><strong>obsecundat-inu</strong></span> <span class='ocrx_word' id='word_1_173' title='bbox 454 2300 514 2363; x_wconf 91' lang='lat' dir='ltr'><strong>boc</strong></span> <span class='ocrx_word' id='word_1_174' title='bbox 545 2299 724 2363; x_wconf 88' lang='lat' dir='ltr'><strong>breuissime</strong></span> <span class='ocrx_word' id='word_1_175' title='bbox 749 2302 863 2378; x_wconf 89' lang='lat' dir='ltr'><strong>dicam,</strong></span> <span class='ocrx_word' id='word_1_176' title='bbox 888 2317 961 2363; x_wconf 86' lang='lat' dir='ltr'><strong>no-</strong></span> 
     </span>
     <span class='ocr_line' id='line_1_26' title="bbox 45 2379 1044 2472; baseline 0.007 -33"><span class='ocrx_word' id='word_1_177' title='bbox 45 2379 143 2472; x_wconf 84' lang='lat' dir='ltr'><strong>minem</strong></span> <span class='ocrx_word' id='word_1_178' title='bbox 164 2402 305 2467; x_wconf 88' lang='lat' dir='ltr'><strong>umquam</strong></span> <span class='ocrx_word' id='word_1_179' title='bbox 329 2392 388 2446; x_wconf 90' lang='lat' dir='ltr'><strong>tam</strong></span> <span class='ocrx_word' id='word_1_180' title='bbox 408 2381 611 2466; x_wconf 91' lang='lat' dir='ltr'><strong>impudentem</strong></span> <span class='ocrx_word' id='word_1_181' title='bbox 634 2384 747 2462; x_wconf 88' lang='lat' dir='ltr'><strong>luisse,</strong></span> <span class='ocrx_word' id='word_1_182' title='bbox 770 2385 820 2465; x_wconf 87' lang='lat' dir='ltr'><strong>qui</strong></span> <span class='ocrx_word' id='word_1_183' title='bbox 840 2385 876 2446; x_wconf 90' lang='lat' dir='ltr'><strong>ab</strong></span> <span class='ocrx_word' id='word_1_184' title='bbox 902 2383 961 2448; x_wconf 89' lang='lat' dir='ltr'><strong>diis</strong></span> <span class='ocrx_word' id='word_1_185' title='bbox 1042 2381 1044 2390; x_wconf 89' lang='lat'>&#39;</span> 
     </span>
     <span class='ocr_line' id='line_1_27' title="bbox 46 2467 961 2550; baseline 0.009 -30"><span class='ocrx_word' id='word_1_186' title='bbox 46 2468 249 2530; x_wconf 78' lang='lat' dir='ltr'><strong>immortalibus</strong></span> <span class='ocrx_word' id='word_1_187' title='bbox 268 2474 311 2530; x_wconf 88' lang='lat' dir='ltr'><strong>tot</strong></span> <span class='ocrx_word' id='word_1_188' title='bbox 330 2475 360 2530; x_wconf 90' lang='lat' dir='ltr'><strong>et</strong></span> <span class='ocrx_word' id='word_1_189' title='bbox 379 2473 474 2530; x_wconf 87' lang='lat' dir='ltr'><strong>tantas</strong></span> <span class='ocrx_word' id='word_1_190' title='bbox 496 2481 548 2529; x_wconf 89' lang='lat' dir='ltr'><strong>res</strong></span> <span class='ocrx_word' id='word_1_191' title='bbox 568 2467 676 2542; x_wconf 84' lang='lat' dir='ltr'><strong>tacitus</strong></span> <span class='ocrx_word' id='word_1_192' title='bbox 699 2468 823 2530; x_wconf 87' lang='lat' dir='ltr'><strong>auderet</strong></span> <span class='ocrx_word' id='word_1_193' title='bbox 844 2471 961 2550; x_wconf 88' lang='lat' dir='ltr'><strong>optare,</strong></span> 
     </span>
     <span class='ocr_line' id='line_1_28' title="bbox 46 2550 961 2634; baseline 0.007 -29"><span class='ocrx_word' id='word_1_194' title='bbox 46 2555 109 2624; x_wconf 88' lang='lat' dir='ltr'><strong>quot</strong></span> <span class='ocrx_word' id='word_1_195' title='bbox 137 2557 167 2612; x_wconf 90' lang='lat' dir='ltr'><strong>et</strong></span> <span class='ocrx_word' id='word_1_196' title='bbox 196 2558 324 2633; x_wconf 87' lang='lat' dir='ltr'><strong>quantas</strong></span> <span class='ocrx_word' id='word_1_197' title='bbox 355 2550 397 2612; x_wconf 88' lang='lat' dir='ltr'><strong>dii</strong></span> <span class='ocrx_word' id='word_1_198' title='bbox 428 2551 614 2618; x_wconf 85' lang='lat' dir='ltr'><strong>immortales</strong></span> <span class='ocrx_word' id='word_1_199' title='bbox 645 2551 682 2612; x_wconf 91' lang='lat' dir='ltr'><strong>ad</strong></span> <span class='ocrx_word' id='word_1_200' title='bbox 706 2551 760 2612; x_wconf 89' lang='lat' dir='ltr'><strong>Cn.</strong></span> <span class='ocrx_word' id='word_1_201' title='bbox 784 2551 961 2634; x_wconf 81' lang='lat' dir='ltr'><strong>Pompeium</strong></span> 
     </span>
     <span class='ocr_line' id='line_1_29' title="bbox 47 2625 961 2716; baseline 0.008 -29"><span class='ocrx_word' id='word_1_202' title='bbox 47 2625 217 2711; x_wconf 89' lang='lat' dir='ltr'><strong>detulerunt;</strong></span> <span class='ocrx_word' id='word_1_203' title='bbox 253 2635 333 2716; x_wconf 88' lang='lat' dir='ltr'><strong>quod</strong></span> <span class='ocrx_word' id='word_1_204' title='bbox 354 2640 387 2696; x_wconf 87' lang='lat' dir='ltr'><strong>ut</strong></span> <span class='ocrx_word' id='word_1_205' title='bbox 411 2635 453 2696; x_wconf 93' lang='lat' dir='ltr'><strong>illi</strong></span> <span class='ocrx_word' id='word_1_206' title='bbox 476 2635 632 2716; x_wconf 90' lang='lat' dir='ltr'><strong>proprium</strong></span> <span class='ocrx_word' id='word_1_207' title='bbox 652 2652 688 2696; x_wconf 92' lang='lat' dir='ltr'><strong>ac</strong></span> <span class='ocrx_word' id='word_1_208' title='bbox 709 2640 887 2716; x_wconf 90' lang='lat' dir='ltr'><strong>perpetuum</strong></span> <span class='ocrx_word' id='word_1_209' title='bbox 911 2634 961 2711; x_wconf 92' lang='lat' dir='ltr'><strong>sit,</strong></span> 
     </span>
     <span class='ocr_line' id='line_1_30' title="bbox 48 2709 1084 2804; baseline 0.005 -32"><span class='ocrx_word' id='word_1_210' title='bbox 48 2709 175 2804; x_wconf 70' lang='lat' dir='ltr'><strong>Quirites,</strong></span> <span class='ocrx_word' id='word_1_211' title='bbox 206 2737 297 2800; x_wconf 87' lang='lat' dir='ltr'><strong>quum</strong></span> <span class='ocrx_word' id='word_1_212' title='bbox 320 2719 485 2780; x_wconf 89' lang='lat' dir='ltr'><strong>communis</strong></span> <span class='ocrx_word' id='word_1_213' title='bbox 508 2719 613 2780; x_wconf 88' lang='lat' dir='ltr'><strong>salutis</strong></span> <span class='ocrx_word' id='word_1_214' title='bbox 635 2724 725 2800; x_wconf 89' lang='lat' dir='ltr'><strong>atque</strong></span> <span class='ocrx_word' id='word_1_215' title='bbox 745 2718 876 2801; x_wconf 92' lang='lat' dir='ltr'><strong>imperii,</strong></span> <span class='ocrx_word' id='word_1_216' title='bbox 897 2723 960 2780; x_wconf 94' lang='lat' dir='ltr'><strong>tum</strong></span> <span class='ocrx_word' id='word_1_217' title='bbox 1081 2797 1084 2802; x_wconf 27' lang='grc' dir='ltr'>Ι</span> 
     </span>
     <span class='ocr_line' id='line_1_31' title="bbox 46 2797 961 2940; baseline 0.004 -82"><span class='ocrx_word' id='word_1_218' title='bbox 46 2797 131 2940; x_wconf 50' lang='lat' dir='ltr'><strong>{lpsbius</strong></span> <span class='ocrx_word' id='word_1_219' title='bbox 155 2799 286 2865; x_wconf 91' lang='lat' dir='ltr'><strong>bominis</strong></span> <span class='ocrx_word' id='word_1_220' title='bbox 308 2819 400 2864; x_wconf 88' lang='lat' dir='ltr'><strong>eausa</strong></span> <span class='ocrx_word' id='word_1_221' title='bbox 432 2802 534 2882; x_wconf 90' lang='lat' dir='ltr'><strong>(sicuti</strong></span> <span class='ocrx_word' id='word_1_222' title='bbox 555 2801 667 2884; x_wconf 81' lang='lat' dir='ltr'><strong>facitis)</strong></span> <span class='ocrx_word' id='word_1_223' title='bbox 697 2801 778 2864; x_wconf 89' lang='lat' dir='ltr'><strong>velle</strong></span> <span class='ocrx_word' id='word_1_224' title='bbox 801 2807 830 2864; x_wconf 89' lang='lat' dir='ltr'><strong>et</strong></span> <span class='ocrx_word' id='word_1_225' title='bbox 854 2807 961 2884; x_wconf 87' lang='lat' dir='ltr'><strong>optare</strong></span> 
     </span>
     <span class='ocr_line' id='line_1_32' title="bbox 40 2881 911 2944; baseline 0.01 -7"><span class='ocrx_word' id='word_1_226' title='bbox 40 2881 159 2944; x_wconf 84' lang='lat' dir='ltr'><strong>estis.</strong></span> <span class='ocrx_word' id='word_1_227' title='bbox 909 2909 911 2914; x_wconf 44' lang='lat'><strong>¹</strong></span> 
     </span>
    </p>

    <p class='ocr_par' dir='ltr' id='par_1_4' title="bbox 48 2964 1017 3546">
     <span class='ocr_line' id='line_1_33' title="bbox 126 2964 1006 3049; baseline 0.002 -21"><span class='ocrx_word' id='word_1_228' title='bbox 126 2964 223 3038; x_wconf 84' lang='lat' dir='ltr'><strong>Quare</strong></span> <span class='ocrx_word' id='word_1_229' title='bbox 248 2986 338 3049; x_wconf 86' lang='lat' dir='ltr'><strong>quum</strong></span> <span class='ocrx_word' id='word_1_230' title='bbox 358 2973 387 3030; x_wconf 89' lang='lat' dir='ltr'><strong>et</strong></span> <span class='ocrx_word' id='word_1_231' title='bbox 407 2967 519 3032; x_wconf 89' lang='lat' dir='ltr'><strong>bellum</strong></span> <span class='ocrx_word' id='word_1_232' title='bbox 539 2967 578 3030; x_wconf 91' lang='lat' dir='ltr'><strong>sit</strong></span> <span class='ocrx_word' id='word_1_233' title='bbox 597 2966 638 3028; x_wconf 90' lang='lat' dir='ltr'><strong>ita</strong></span> <span class='ocrx_word' id='word_1_234' title='bbox 657 2967 897 3045; x_wconf 85' lang='lat' dir='ltr'><strong>necessarium⁶,</strong></span> <span class='ocrx_word' id='word_1_235' title='bbox 926 2973 1006 3036; x_wconf 76' lang='lat' dir='ltr'><strong>utao</strong></span> 
     </span>
     <span class='ocr_line' id='line_1_34' title="bbox 48 3045 961 3137; baseline 0.009 -32"><span class='ocrx_word' id='word_1_236' title='bbox 48 3045 150 3137; x_wconf 74' lang='lat' dir='ltr'><strong>negligi</strong></span> <span class='ocrx_word' id='word_1_237' title='bbox 171 3068 233 3114; x_wconf 94' lang='lat' dir='ltr'><strong>non</strong></span> <span class='ocrx_word' id='word_1_238' title='bbox 264 3051 375 3133; x_wconf 90' lang='lat' dir='ltr'><strong>possit,</strong></span> <span class='ocrx_word' id='word_1_239' title='bbox 411 3053 452 3114; x_wconf 88' lang='lat' dir='ltr'><strong>ita</strong></span> <span class='ocrx_word' id='word_1_240' title='bbox 479 3069 638 3134; x_wconf 82' lang='lat' dir='ltr'><strong>magnum,</strong></span> <span class='ocrx_word' id='word_1_241' title='bbox 669 3057 702 3112; x_wconf 91' lang='lat' dir='ltr'><strong>ut</strong></span> <span class='ocrx_word' id='word_1_242' title='bbox 734 3052 961 3114; x_wconf 85' lang='lat' dir='ltr'><strong>accuratissime</strong></span> 
     </span>
     <span class='ocr_line' id='line_1_35' title="bbox 50 3131 961 3217; baseline 0.016 -35"><span class='ocrx_word' id='word_1_243' title='bbox 50 3131 81 3185; x_wconf 89' lang='lat' dir='ltr'><strong>nt</strong></span> <span class='ocrx_word' id='word_1_244' title='bbox 98 3131 373 3212; x_wconf 85' lang='lat' dir='ltr'><strong>administrandum,</strong></span> <span class='ocrx_word' id='word_1_245' title='bbox 408 3142 438 3197; x_wconf 89' lang='lat' dir='ltr'><strong>et</strong></span> <span class='ocrx_word' id='word_1_246' title='bbox 459 3153 550 3216; x_wconf 88' lang='lat' dir='ltr'><strong>quum</strong></span> <span class='ocrx_word' id='word_1_247' title='bbox 572 3135 601 3195; x_wconf 92' lang='lat' dir='ltr'><strong>ei</strong></span> <span class='ocrx_word' id='word_1_248' title='bbox 625 3134 837 3214; x_wconf 87' lang='lat' dir='ltr'><strong>imperatorem</strong></span> <span class='ocrx_word' id='word_1_249' title='bbox 857 3134 961 3217; x_wconf 85' lang='lat' dir='ltr'><strong>praelr-</strong></span> 
     </span>
     <span class='ocr_line' id='line_1_36' title="bbox 50 3216 961 3299; baseline 0.015 -34"><span class='ocrx_word' id='word_1_250' title='bbox 50 3223 109 3271; x_wconf 88' lang='lat' dir='ltr'><strong>oere</strong></span> <span class='ocrx_word' id='word_1_251' title='bbox 125 3219 265 3297; x_wconf 91' lang='lat' dir='ltr'><strong>possitis,</strong></span> <span class='ocrx_word' id='word_1_252' title='bbox 291 3219 402 3299; x_wconf 87' lang='lat' dir='ltr'><strong>inquo</strong></span> <span class='ocrx_word' id='word_1_253' title='bbox 425 3220 464 3281; x_wconf 91' lang='lat' dir='ltr'><strong>sit</strong></span> <span class='ocrx_word' id='word_1_254' title='bbox 488 3216 693 3280; x_wconf 85' lang='lat' dir='ltr'><strong>eximiabelli</strong></span> <span class='ocrx_word' id='word_1_255' title='bbox 716 3219 862 3296; x_wconf 89' lang='lat' dir='ltr'><strong>scientia,</strong></span> <span class='ocrx_word' id='word_1_256' title='bbox 892 3218 961 3280; x_wconf 90' lang='lat' dir='ltr'><strong>sin-</strong></span> 
     </span>
     <span class='ocr_line' id='line_1_37' title="bbox 51 3291 960 3384; baseline 0.01 -30"><span class='ocrx_word' id='word_1_257' title='bbox 51 3291 150 3370; x_wconf 79' lang='lat' dir='ltr'><strong>putans</strong></span> <span class='ocrx_word' id='word_1_258' title='bbox 170 3304 276 3378; x_wconf 83' lang='lat' dir='ltr'><strong>virtus,</strong></span> <span class='ocrx_word' id='word_1_259' title='bbox 301 3301 661 3378; x_wconf 84' lang='lat' dir='ltr'><strong>clarissimaauctoritas,</strong></span> <span class='ocrx_word' id='word_1_260' title='bbox 683 3303 811 3384; x_wconf 85' lang='lat' dir='ltr'><strong>egregia</strong></span> <span class='ocrx_word' id='word_1_261' title='bbox 828 3299 960 3378; x_wconf 85' lang='lat' dir='ltr'><strong>fortuna,</strong></span> 
     </span>
     <span class='ocr_line' id='line_1_38' title="bbox 51 3371 961 3468; baseline 0.013 -34"><span class='ocrx_word' id='word_1_262' title='bbox 51 3371 225 3462; x_wconf 87' lang='lat' dir='ltr'><strong>dubitabitis,</strong></span> <span class='ocrx_word' id='word_1_263' title='bbox 260 3384 410 3463; x_wconf 86' lang='lat' dir='ltr'><strong>Quirites,</strong></span> <span class='ocrx_word' id='word_1_264' title='bbox 444 3386 517 3468; x_wconf 89' lang='lat' dir='ltr'><strong>quin</strong></span> <span class='ocrx_word' id='word_1_265' title='bbox 540 3385 599 3448; x_wconf 91' lang='lat' dir='ltr'><strong>boc</strong></span> <span class='ocrx_word' id='word_1_266' title='bbox 621 3390 732 3448; x_wconf 89' lang='lat' dir='ltr'><strong>tantum</strong></span> <span class='ocrx_word' id='word_1_267' title='bbox 756 3385 845 3461; x_wconf 93' lang='lat' dir='ltr'><strong>boni,</strong></span> <span class='ocrx_word' id='word_1_268' title='bbox 880 3383 961 3464; x_wconf 86' lang='lat' dir='ltr'><strong>quod</strong></span> 
     </span>
     <span class='ocr_line' id='line_1_39' title="bbox 52 3458 1017 3546; baseline 0.017 -32"><span class='ocrx_word' id='word_1_269' title='bbox 52 3458 125 3524; x_wconf 87' lang='lat' dir='ltr'><strong>uobis</strong></span> <span class='ocrx_word' id='word_1_270' title='bbox 146 3467 181 3529; x_wconf 91' lang='lat' dir='ltr'><strong>ab</strong></span> <span class='ocrx_word' id='word_1_271' title='bbox 204 3469 262 3533; x_wconf 91' lang='lat' dir='ltr'><strong>diis</strong></span> <span class='ocrx_word' id='word_1_272' title='bbox 284 3470 502 3534; x_wconf 85' lang='lat' dir='ltr'><strong>immortalibus</strong></span> <span class='ocrx_word' id='word_1_273' title='bbox 524 3469 656 3532; x_wconf 88' lang='lat' dir='ltr'><strong>oblatum</strong></span> <span class='ocrx_word' id='word_1_274' title='bbox 671 3475 709 3532; x_wconf 86' lang='lat' dir='ltr'><strong>et</strong></span> <span class='ocrx_word' id='word_1_275' title='bbox 730 3465 829 3531; x_wconf 89' lang='lat' dir='ltr'><strong>dotum</strong></span> <span class='ocrx_word' id='word_1_276' title='bbox 852 3472 909 3546; x_wconf 90' lang='lat' dir='ltr'><strong>est,</strong></span> <span class='ocrx_word' id='word_1_277' title='bbox 928 3467 961 3530; x_wconf 94' lang='lat' dir='ltr'><strong>in</strong></span> <span class='ocrx_word' id='word_1_278' title='bbox 1014 3481 1017 3486; x_wconf 84' lang='lat'>·</span> 
     </span>
    </p>
   </div>
   <div class='ocr_carea' id='block_1_3' title="bbox 54 3583 265 3608">
    <p class='ocr_par' dir='ltr' id='par_1_5' title="bbox 54 3583 265 3608">
     <span class='ocr_line' id='line_1_40' title="bbox 54 3583 265 3608; baseline 0 0"><span class='ocrx_word' id='word_1_279' title='bbox 54 3583 265 3608; x_wconf 32' lang='lat' dir='ltr'><strong>&#39;‘Q-n*</strong></span> 
     </span>
    </p>
   </div>
   <div class='ocr_carea' id='block_1_4' title="bbox 82 3661 963 3872">
    <p class='ocr_par' dir='ltr' id='par_1_6' title="bbox 82 3661 963 3872">
     <span class='ocr_line' id='line_1_41' title="bbox 83 3661 963 3742; baseline 0 -18"><span class='ocrx_word' id='word_1_280' title='bbox 83 3661 90 3692; x_wconf 90' lang='lat'>¹</span> <span class='ocrx_word' id='word_1_281' title='bbox 108 3666 137 3722; x_wconf 79' lang='grc' dir='ltr'><strong>Ε.</strong></span> <span class='ocrx_word' id='word_1_282' title='bbox 153 3685 212 3728; x_wconf 78' lang='lat' dir='ltr'><strong>cest.</strong></span> <span class='ocrx_word' id='word_1_283' title='bbox 228 3676 304 3729; x_wconf 78' lang='lat' dir='ltr'><strong>aliar.</strong></span> <span class='ocrx_word' id='word_1_284' title='bbox 322 3675 461 3742; x_wconf 79' lang='lat' dir='ltr'><strong>(hominos)</strong></span> <span class='ocrx_word' id='word_1_285' title='bbox 480 3703 515 3714; x_wconf 89' lang='lat'><strong>—-</strong></span> <span class='ocrx_word' id='word_1_286' title='bbox 532 3676 640 3730; x_wconf 87' lang='lat' dir='ltr'><strong>bomini.</strong></span> <span class='ocrx_word' id='word_1_287' title='bbox 674 3673 688 3705; x_wconf 77' lang='lat'>²</span> <span class='ocrx_word' id='word_1_288' title='bbox 706 3691 752 3726; x_wconf 79' lang='lat' dir='ltr'><strong>orn.</strong></span> <span class='ocrx_word' id='word_1_289' title='bbox 772 3674 815 3726; x_wconf 86' lang='lat' dir='ltr'><strong>ad.</strong></span> <span class='ocrx_word' id='word_1_290' title='bbox 852 3672 864 3705; x_wconf 75' lang='lat'><strong>³</strong></span> <span class='ocrx_word' id='word_1_291' title='bbox 882 3672 913 3727; x_wconf 78' lang='lat' dir='ltr'><strong>E.</strong></span> <span class='ocrx_word' id='word_1_292' title='bbox 929 3699 963 3712; x_wconf 90' lang='lat'>-</span> 
     </span>
     <span class='ocr_line' id='line_1_42' title="bbox 82 3743 962 3872; baseline 0.003 -78"><span class='ocrx_word' id='word_1_293' title='bbox 82 3743 190 3858; x_wconf 39' lang='lat' dir='ltr'><strong>pade</strong></span> <span class='ocrx_word' id='word_1_294' title='bbox 207 3743 458 3872; x_wconf 53' lang='lat' dir='ltr'><strong>raa⁴1alge.Ha&#39;b.⁰m’</strong></span> <span class='ocrx_word' id='word_1_295' title='bbox 478 3747 535 3800; x_wconf 78' lang='lat' dir='ltr'><strong>edd.</strong></span> <span class='ocrx_word' id='word_1_296' title='bbox 552 3757 611 3800; x_wconf 79' lang='lat' dir='ltr'><strong>vett.</strong></span> <span class='ocrx_word' id='word_1_297' title='bbox 630 3770 666 3788; x_wconf 53' lang='grc' dir='ltr'><strong>-ν</strong></span> <span class='ocrx_word' id='word_1_298' title='bbox 685 3745 817 3812; x_wconf 82' lang='lat' dir='ltr'><strong>Quirites,</strong></span> <span class='ocrx_word' id='word_1_299' title='bbox 844 3755 962 3852; x_wconf 77' lang='lat' dir='ltr'><strong>quantas.</strong></span> 
     </span>
    </p>
   </div>
   <div class='ocr_carea' id='block_1_5' title="bbox 93 3922 768 4014">
    <p class='ocr_par' dir='ltr' id='par_1_7' title="bbox 93 3922 768 4014">
     <span class='ocr_line' id='line_1_43' title="bbox 93 3922 768 4014; baseline 0.009 -26"><span class='ocrx_word' id='word_1_300' title='bbox 93 3944 134 4006; x_wconf 61' lang='lat' dir='ltr'><strong>fle.</strong></span> <span class='ocrx_word' id='word_1_301' title='bbox 150 3952 209 3992; x_wconf 77' lang='lat' dir='ltr'><strong>Orat.</strong></span> <span class='ocrx_word' id='word_1_302' title='bbox 224 3953 266 3995; x_wconf 68' lang='lat' dir='ltr'><strong>sat.</strong></span> <span class='ocrx_word' id='word_1_303' title='bbox 309 3922 312 3930; x_wconf 37' lang='grc' dir='ltr'><strong><em>Ι</em></strong></span> <span class='ocrx_word' id='word_1_304' title='bbox 718 4007 720 4014; x_wconf 21' lang='grc' dir='ltr'><em>Α</em></span> <span class='ocrx_word' id='word_1_305' title='bbox 751 3960 768 4006; x_wconf 80' lang='lat'><strong>5</strong></span> 
     </span>
    </p>
   </div>
   <div class='ocr_carea' id='block_1_6' title="bbox 0 0 1245 4318">
    <p class='ocr_par' dir='ltr' id='par_1_8' title="bbox 0 0 1245 4318">
     <span class='ocr_line' id='line_1_44' title="bbox 0 0 1245 4318; baseline 0 0"><span class='ocrx_word' id='word_1_306' title='bbox 0 0 1245 4318; x_wconf 95' lang='lat' dir='ltr'><strong> </strong></span> 
     </span>
    </p>
   </div>
  </div>
 </body>
</html>
