2494 4314
269 101 813 224 raormnuronruous.
950 156 1000 206 rm

60 323 205 400 mitteret,
231 321 447 406 sedoptaret‘?
475 359 511 370 -
534 321 678 401 Ohstalrat
694 323 725 386 in
748 339 804 406 spe
825 322 998 398 consulatus

59 407 165 470 Miloni
191 403 332 470 Clodius.
357 441 392 452 -—
416 407 457 470 At
477 426 515 471 eo
537 413 726 490 repugnante
756 405 862 481 fiehat3
905 407 997 471 immo

59 507 132 554 uero
157 507 198 552 eo
222 488 318 554 fiebat
339 491 456 574 magis,
491 509 549 554 nec
578 509 628 554 me
648 489 849 574 suffragatore
870 489 997 567 meliore

58 573 200 639 utebatur
224 591 317 656 quam
340 573 458 637 Clodio.
507 573 634 636 Valebat
657 575 736 655 apud
758 591 832 651 vos,
869 573 999 651 iudices,

57 657 181 719 Milonis
213 675 293 738 erga
324 676 372 736 pne
400 672 525 740 remque
555 657 707 738 publicam
734 657 910 738 meritorum
928 675 998 730 me-

57 741 172 816 moria;
219 741 363 805 valebant
391 760 500 822 preces
524 748 553 803 el
574 741 705 803 lacrimae
726 745 854 818 nostra,
888 739 997 821 quibus

58 841 122 906 ego
150 830 217 886 turn
243 841 302 886 vos
326 824 451 888 mirilice
475 825 592 888 moueri
617 824 782 889 sentiebam
790 844 801 900 ;
844 823 899 896 sed
927 824 997 906 plus

57 907 149 971 multo
198 907 327 970 valebat
364 909 572 989 periculorum
616 908 852 989 impendentium
897 907 997 990 timor.
1120 981 1123 998 ἱ

60 989 132 1062 Quis
155 991 242 1052 enim
268 998 334 1058 erat
355 993 484 1070 ciuium,
520 993 572 1074 qui
602 992 660 1056 sihi
685 992 813 1055 solutam
836 990 868 1052 P.
896 987 996 1068 Clodii
1055 992 1058 996 ’

58 1079 222 1154 praeturam
247 1075 316 1137 sine
337 1075 468 1139 maximo
490 1093 593 1140 rerum
614 1093 759 1150 novarum
779 1081 859 1139 metu
877 1064 996 1155 propin.

58 1157 169 1218 neret?
207 1155 347 1236 Solutam
370 1164 468 1220 eutem
490 1158 559 1222 sore
581 1158 746 1238 videbatis,
780 1158 839 1243 nisi
865 1161 948 1221 esset
968 1157 995 1220 is
1017 1189 1022 1195 *

59 1240 186 1316 consul,
235 1242 290 1322 qui
314 1259 392 1315 eam
424 1240 549 1305 auderet
578 1249 745 1324 possetque
774 1241 995 1322 constringere.

57 1321 130 1384 llum
153 1323 305 1386 Milonem
328 1343 422 1388 unum
456 1343 526 1389 esse
559 1344 650 1406 quum
681 1327 808 1388 sentiret
833 1325 995 1388 universus

57 1407 188 1488 populus
216 1407 393 1488 Romanus,
427 1410 495 1490 quis
522 1408 672 1472 dubitaret
695 1408 843 1490 suffragio
873 1424 930 1474 suo
959 1423 994 1470 se

58 1497 155 1568 metu,
188 1491 334 1573 periculo
363 1510 429 1554 rem
458 1491 608 1573 publicam
624 1490 786 1554 liberare?
832 1489 872 1552 At
903 1508 994 1566 nunc,
1035 1539 1039 1544 .

61 1571 166 1636 Clodio
198 1581 341 1652 remoto,
387 1575 506 1641 usitatis
538 1574 597 1637 iam
626 1574 718 1636 rebus
746 1568 918 1646 enitendum
947 1578 994 1634 est

58 1655 172 1735 Miloni,
205 1665 241 1721 ut
263 1663 382 1722 tueatur
404 1657 580 1740 dignitatem
601 1661 705 1732 suam3
750 1655 915 1736 singularis
941 1654 998 1734 illa*

61 1747 89 1800 et
107 1740 181 1802 huie
202 1743 258 1806 uni
282 1759 430 1804 concessa
454 1741 564 1824 gloria,
587 1759 654 1822 quae
673 1739 806 1822 quotidie
824 1737 992 1820 augebatur

60 1820 239 1906 frangendis
262 1823 418 1889 furoribus
437 1821 602 1903 Clodianis,
624 1825 683 1886 iam
702 1821 801 1885 Clodii
819 1827 916 1884 morte
933 1838 990 1886 oe·
1049 1820 1051 1824 ’

60 1905 137 1967 cidit.
185 1907 253 1971 Vos
276 1908 376 1990 adepti
399 1908 484 1987 estis,
504 1927 543 1970 ne
566 1926 655 1990 quern
679 1907 775 1968 civem
796 1904 989 1978 metueretis;

61 1985 107 2050 hic
128 1992 382 2055 exercitationem
404 1992 541 2070 ¹virtutis,
574 1990 822 2074 suffragationem
845 1987 991 2050 consula-

61 2075 124 2150 tus,
156 2073 277 2144 fontem
298 2093 463 2156 perennem
485 2075 592 2156 gloriae
613 2092 676 2138 suae
699 2072 839 2155 perdidit.
886 2071 991 2151 ltaque
1047 2116 1050 2120 -

62 2153 178 2226 Milonis
212 2159 410 2236 consulatus,
445 2159 523 2241 qui,
547 2160 618 2221 vivo
650 2156 778 2233 Clodio,
813 2153 1017 2232 labefactari,

62 2255 119 2300 uon
146 2247 289 2323 poterat,
336 2248 457 2306 mortuo
487 2240 617 2322 denique
647 2239 755 2302 tentari
786 2245 911 2320 coeptus
935 2245 991 2300 est.

62 2317 125 2384 Non
157 2326 252 2393 modo
285 2325 295 2386 i
320 2325 390 2398 itur,
408 2322 485 2402 nihil
514 2324 659 2406 prodest,
699 2323 754 2385 sed
785 2322 874 2385 obest
902 2322 1005 2400 etiam

64 2400 159 2468 Clodii
182 2425 268 2472 mors
289 2345 404 2478 Miloni.
451 2405 491 2468 At
515 2406 608 2478 valuit
629 2407 750 2483 odium,
783 2404 856 2467 fecit
885 2406 1036 2482 iratumne

63 2483 132 2558 lecit
155 2491 317 2570 inimicus,
349 2490 408 2560 fult
437 2489 520 2555 ultor
542 2490 677 2568 iniuria,
710 2489 851 2572 poenitor
874 2487 990 2559 doloris

63 2571 116 2632 sui.
163 2573 270 2654 Quid?
315 2575 342 2639 si
363 2574 446 2652 hac,
477 2591 540 2637 non
562 2573 649 2652 dieo,
680 2573 795 2636 maiora
815 2569 937 2639 suerum
958 2570 991 2632 in

64 2649 168 2722 Clodio
192 2678 283 2742 quam
305 2659 336 2719 in
357 2657 489 2734 Milone,
520 2657 628 2720 sedin
650 2656 703 2720 illo
727 2655 875 2733 maxima,
906 2653 990 2734 nulla

64 2733 92 2796 in
113 2737 199 2802 hoe?
243 2741 315 2824 quid
339 2742 428 2806 vultis
453 2741 619 2823 amplius‘l.
655 2740 734 2813 Quid
762 2739 842 2801 enim
875 2737 990 2800 odisset

65 2815 199 2890 Clodium
228 2825 319 2903 Milo,
364 2831 500 2907 segetem
529 2842 565 2886 ac
593 2824 748 2892 materiem
778 2839 840 2886 suae
872 2821 990 2906 glorie,

63 2910 169 2982 praeter
195 2909 256 2971 hoe
276 2909 367 2982 civile
389 2907 502 2984 odium,
527 2911 587 2990 quo
612 2924 729 2974 omnes
743 2905 898 2987 improbos
918 2903 989 2972 odi-

64 2989 150 3048 mus?
171 2991 238 3071 llle,
263 2999 338 3071 erat,
360 2998 393 3055 ut
414 2991 539 3068 odisset,
560 2991 690 3072 primum
710 2989 814 3053 salutis
835 3005 910 3052 meae
932 2988 989 3049 de-

63 3064 261 3152 fensoreml,
296 3065 405 3138 deinde
428 3079 602 3140 vexatorem
632 3073 764 3150 luroris,
811 3069 989 3134 domitorem
1106 3139 1109 3150 ¹

65 3167 211 3228 armorum
228 3176 362 3236 suorum,
385 3164 540 3240 postremo
560 3157 649 3222 etlam
667 3163 989 3240 accusatoremlsuum.

64 3229 139 3299 Reus
163 3244 244 3306 enim
266 3241 389 3306 Milonis
415 3243 486 3324 lege
506 3240 603 3304 Plotia
630 3241 689 3305 luit
709 3239 856 3315 Clodius,
889 3236 988 3316 quoad

67 3317 144 3411 uiuit.
191 3325 259 3399 Quo
280 3325 400 3391 tandem
422 3325 520 3404 animo
543 3323 604 3389 hoo
624 3332 783 3406 tyrannum
799 3320 910 3388 illum²
936 3325 1005 3396 tu-,

65 3396 135 3496 irase
156 3409 305 3472 creditis?
349 3415 490 3489 quantum
520 3409 622 3472 odium
652 3409 734 3472 illius
756 3413 787 3470 et
810 3405 842 3482 in
865 3403 988 3466 homine

67 3493 169 3551 iniusto
191 3511 280 3573 quam
305 3494 395 3556 etiam
419 3495 529 3557 iustum
552 3491 673 3556 luisse?

71 3608 292 3636 5—-

101 3679 108 3710 ¹
130 3681 161 3735 E·
181 3713 216 3756 -1
232 3690 333 3744 delens.
354 3689 400 3743 sal.
420 3703 495 3758 more.
545 3689 558 3720 ¹
579 3705 624 3740 mn.
644 3688 725 3741 illum.
