2490 4316
227 191 317 246 ,an
606 149 884 242 oanrro'

267 357 423 437 letiorem,
453 373 542 441 quam
561 375 663 442 munt,
694 358 815 442 expiato
836 355 917 438 loro,
939 355 1087 442 dissipato
1110 375 1178 422 oon-

268 459 360 508 eursu
384 442 553 525 impiorum,
584 443 771 527 principibus
792 441 919 506 sceleris
939 460 1040 525 poena
1064 442 1179 520 allectis,
1228 445 1229 448 ’

268 527 345 592 urbe
373 525 513 588 incendio
546 531 576 590 et
605 526 696 590 (aedis
725 532 805 589 meto
834 525 978 604 liberata,
1010 532 1041 590 te
1071 525 1179 588 domum

269 608 436 692 recepisti?
481 607 574 673 Cuius
598 609 734 690 ordinis„
756 609 842 672 euius
862 610 997 692 generis,
1025 610 1112 672 euius
1133 609 1180 670 de-

269 694 363 775 nique
393 690 522 756 fortune
549 692 647 758 studia
672 700 735 758 tum
760 691 841 755 laudi
863 698 892 754 et
920 693 1114 775 gratulationi
1133 699 1181 754 tua
1229 742 1230 750 ,

270 791 389 841 senon
411 773 610 839 obtulerunt?
653 776 733 852 Quin
754 776 827 838 mibi
849 775 969 853 etiam,'
986 793 1047 858 quo
1072 781 1182 837 auctore

270 865 302 956 te
321 857 355 956 in
379 857 418 920 ils
448 859 541 924 rebus
574 860 617 924 uti
649 859 888 958 arbitrabantur,
923 864 955 921 et
980 860 1097 942 gratias
1121 858 1182 919 boni

175 1076 179 1094 .
272 939 531 1106 ttafffftllll
553 941 1050 1104 bbttdfflatllllllla
1078 941 1184 1099 ibt
1230 1091 1231 1112 ὦ

272 1124 365 1190 quum
385 1123 490 1171 omues
514 1125 616 1172 earnm
638 1125 749 1172 rerum·
762 1108 857 1188 obliti,
881 1115 1006 1190 propter
1027 1125 1105 1189 quas
1125 1106 1184 1169 lue-

272 1196 341 1254 rant
370 1190 424 1253 tibi
454 1190 582 1270 offensi,
613 1186 834 1275 significarunt,
873 1209 908 1254 se
933 1190 1086 1254 beneficio
1117 1205 1184 1252 nouo

229 1284 262 1335 ³1
275 1273 448 1337 memoriam
476 1276 588 1338 veteris
617 1275 733 1338 doloris
765 1275 923 1338 abiecisse.
968 1273 1055 1336 Hane
1083 1279 1131 1352 tu,
1160 1271 1184 1332 P.

274 1355 442 1432 Dolabella,
469 1356 592 1442 (magno
612 1359 723 1441 loquor
746 1375 814 1420 eum
831 1356 950 1438 dolore)
973 1357 1053 1420 bano
1076 1361 1118 1434 tu,
1144 1356 1185 1417 in-

276 1457 383 1522 quam,
428 1441 528 1504 otuisti
552 1457 638 1524 equo
662 1442 787 1504 enime¹
812 1446 922 1503 tantam
944 1441 1120 1523 dignitatern
1140 1438 1186 1500 de-
1231 1467 1232 1472 κ

164 1518 213 1594 13
275 1457 425 1606 ροηοτόξ
461 1523 506 1586 Tu
537 1531 651 1602 autem,
674 1523 713 1587 Μ.
740 1521 872 1601 Antoni,
900 1523 1068 1603 (absentem
1090 1521 1185 1594 enin¹

276 1604 410 1689 appello)
443 1623 536 1670 uuum
561 1608 645 1671 illum
675 1607 774 1685 diem,
818 1621 879 1688 qoo
909 1607 941 1668 in
970 1605 1036 1668 ede
1071 1605 1187 1668 'fallatis

112 1736 114 1744 .
174 1745 177 1756 ,
252 1695 400 1766 εθηαιηε
428 1688 505 1769 tait,
537 1707 599 1754 non
623 1689 760 1753 omnibus
784 1689 855 1752 bis⁸
885 1688 1059 1767 mensibus,
1092 1688 1187 1771 quibus

275 1777 306 1835 te
327 1770 465 1853 quidam,
494 1774 615 1838 multum
637 1791 655 1836 a
675 1789 724 1838 me
747 1771 976 1850 dissentientes,
997 1771 1119 1836 beatum
1137 1789 1188 1852 ptu-

276 1858 357 1932 nat,
396 1856 581 1938 anteponis?
629 1856 703 1932 Que
736 1855 793 1918 rata
819 1855 917 1918 oratio
946 1855 984 1918 de
1008 1852 1187 1918 eoncordia?

276 1936 395 2012 Quanto
415 1945 496 2001 metu
516 1945 540 2017 †
561 1939 734 2017 ueterani⁴‚
763 1944 872 2022 quanta
893 1937 1099 2003 sollieitudine
1121 1938 1188 2000 eivi-

276 2027 323 2085 tas
354 2027 417 2083 tum
445 2041 464 2084 a
493 2028 524 2084 te
554 2023 678 2087 liberata
705 2028 767 2100 est,
809 2039 899 2103 quom
930 2022 1082 2104 collegam
1110 2027 1188 2098 tuum,

278 2103 425 2185 depositis
446 2105 624 2184 inimicitiis,
657 2105 766 2170 oblitus
793 2106 927 2186 auspicia
955 2123 973 2168 a
999 2106 1122 2188 te'ipso
1142 2121 1188 2167 au·
1233 2137 1234 2166 t

277 2202 357 2269 gure
380 2187 484 2270 populi
505 2188 631 2252 Romani
650 2190 799 2266 nuntiate,
831 2187 885 2251 illo
905 2189 1032 2270 primum
1058 2189 1109 2252 die
1132 2187 1190 2249 ool-

278 2269 379 2351 legam
407 2269 462 2333 tibi
492 2289 562 2335 esse
583 2272 731 2336 voluisti?
778 2271 858 2334 Tuus
889 2272 1025 2353 parvus⁶
1061 2271 1140 2334 lilius
1163 2270 1188 2332 in
1233 2305 1234 2314 κ

233 2349 461 2433 ”Capitolium
491 2373 509 2418 a
537 2361 567 2418 te
587 2357 697 2419 missus
720 2355 805 2438 pacis
827 2354 918 2418 obses
938 2353 1003 2418 luit.
1053 2355 1122 2428 Quo
1144 2371 1188 2416 se-

279 2440 367 2499 natus
390 2436 440 2499 die
461 2437 582 2502 letior?
612 2455 672 2520 quo
692 2439 821 2520 populus
842 2436 1019 2500 Romanus?
1054 2439 1107 2519 qui
1130 2437 1189 2518 qui-

279 2518 349 2582 dem
382 2519 463 2584 nulla
497 2522 529 2584 in
565 2523 706 2586 contione
741 2539 880 2602 umquam
912 2520 1104 2602 frequentior
1135 2520 1188 2582 luit

278 2601 355 2664 'lum
377 2601 507 2687 deniqne
528 2604 646 2667 liberati
666 2621 723 2686 per
748 2605 831 2668 viros
860 2603 1041 2668 fortissimos
1074 2603 1189 2666 videba-

278 2701 363 2761 ntur,
391 2686 479 2766 quia,
508 2692 540 2750 ut
561 2688 604 2750 illi
624 2688 801 2766 voluerant,
819 2687 986 2750 libertatem
1006 2705 1069 2768 pax
1087 2704 1188 2750 eonse-

279 2767 461 2850 quobature
503 2769 663 2848 Proximo,
694 2771 806 2846 altero,
836 2772 941 2848 tertio,
970 2770 1103 2852 denique
1123 2769 1188 2833 reli-

175 2912 176 2916 ,
279 2850 348 2931 quis
378 2855 549 2917 oonseoutis
578 2854 683 2917 diebus
707 2871 769 2916 non
793 2852 1008 2916 intermittebas
1031 2855 1118 2934 quasi
1139 2853 1188 2915 do·

278 2951 349 2997 num
371 2935 492 3017 aliquod
513 2937 646 3019 quotidie
668 2936 778 2999 afferre
800 2937 846 2998 rei
868 2936 1014 3018 publioae3
1039 2938 1188 2998 maximum

278 3021 378 3078 autem
398 3018 490 3098 illud,
522 3020 604 3102 quod
627 3020 778 3084 dictatore
798 3037 907 3082 nomen
930 3019 1087 3082 sustulisti.
1129 3019 1189 3080 llaeo

277 3098 377 3161 inusta
400 3108 446 3163 est
467 3121 485 3164 a
508 3109 554 3182 te,
578 3122 595 3166 e
620 3110 669 3182 te,
693 3105 832 3185 inquam,
852 3109 970 3166 mortuo
993 3101 1105 3165 Cesarl
1126 3107 1188 3163 notu

278 3181 317 3244 ad
338 3181 348 3243 i
392 3185 531 3248 ominlam
545 3188 767 3267 sempiternam.
808 3186 845 3248 Ut
863 3187 942 3248 enim
960 3192 1086 3268 propter
1107 3185 1187 3248 unius

278 3261 317 3326 Μ.
368 3266 439 3328 anlii
461 3269 579 3347 abelus,
612 3270 733 3333 deoreto
757 3270 856 3350 gentis
879 3269 1016 3344 Manliae,
1048 3269 1187 3330 neminen

276 3349 431 3428 patricium
455 3351 493 3414 Μ.
514 3351 655 3417 Manlium
684 3354 786 3416 vocari
818 3353 905 3429 lieet,
938 3353 984 3414 sio
1013 3358 1044 3415 tu
1072 3356 1188 3433 propter

274 3431 364 3495 nnius
386 3433 537 3500 dictatoris
559 3436 660 3500 odiunt
677 3453 788 3500 nomen
805 3436 960 3502 dictatoris
974 3434 1108 3498 funditus
1124 3451 1187 3498 sus·

280 3557 509 3578 Μ

314 3627 323 3658 ¹
351 3627 405 3681 Vnt.
429 3655 464 3668 ·-
489 3625 565 3703 eque
591 3625 678 3690 animo'
704 3637 818 3702 potuisti.
873 3635 957 3688 ‘orn
986 3633 1064 3685 enirn.
1117 3632 1186 3682 'iis

310 3694 325 3728 ⁴
345 3698 399 3752 sine
417 3711 529 3772 corrept.
546 3711 616 3758 noto.
672 3705 684 3736 ⁸
704 3707 835 3773 parvulus.
886 3705 898 3738 ⁸
919 3703 1085 3776 sequebatur·
