2546 4310
286 240 321 294 to
634 231 869 291 onusto

285 409 338 494 qui
359 411 450 493 caput
469 405 641 474 innocentis
662 405 878 485 defenderent,
913 409 964 492 qui
987 410 1114 475 iniuria
1138 414 1208 476 resi-

284 501 417 573 sterent,
449 493 519 576 qui,
548 497 690 574 quantum
715 496 858 574 possent,
898 492 930 556 in
960 494 1061 557 salute
1097 496 1209 560 alterins

284 597 372 661 quam
395 579 426 642 in
448 577 541 640 exitio
564 575 689 638 mallent
710 575 893 652 ostendcrc3
937 578 1074 659 quodsi
1104 597 1211 656 omnes,

284 665 337 745 qui
359 661 466 725 eodem
491 661 561 723 loco
583 658 645 722 nati
667 663 752 736 sunt,
776 658 931 732 facerent,
960 666 990 723 et
1020 679 1076 725 res
1100 664 1212 746 publica

283 763 324 810 ex
347 747 408 809 illis
432 751 463 808 ct
485 743 545 826 ipsi
569 761 609 806 ex
629 741 745 805 invidia
768 742 867 805 minus
889 743 1075 807 laborarent.

168 839 272 913 birro
363 827 476 891 Verum
501 827 527 890 si
553 845 570 890 a
592 825 813 908 Chrysogono,
852 823 988 906 iudices,
1028 846 1098 891 non
1123 829 1212 910 impe-

283 920 416 991 tramus,
450 917 482 974 ut
510 911 640 994 pecunia
661 915 765 971 nostra
788 915 946 974 contentus
970 913 1026 989 sit,
1065 913 1213 975 vitamne

281 1003 381 1081 petat,
412 995 438 1059 si
465 995 516 1059 ille
536 994 643 1059 adduci
666 1010 728 1054 non
748 998 866 1073 potest,
895 999 943 1072 ut,
974 1011 1070 1076 quum
1096 996 1212 1059 ademe-

279 1082 319 1146 rit
337 1081 426 1144 nobis
445 1081 564 1158 omnia,
600 1093 667 1159 qua
688 1081 793 1138 nostra
815 1083 900 1140 erant
920 1079 1068 1160 propria,
1108 1097 1149 1141 ne
1170 1079 1212 1140 lu-

280 1183 348 1229 cem
371 1181 495 1246 quoque
516 1163 610 1238 hanc,
644 1177 711 1242 quo
731 1161 898 1224 communis
919 1166 983 1240 est,
1013 1164 1144 1245 eripere
1165 1179 1213 1224 cu-

279 1250 354 1332 piat,
380 1249 408 1312 si
429 1264 490 1309 non
512 1247 584 1309 satis
605 1243 696 1306 babet
719 1243 871 1306 avaritiam
899 1263 982 1308 suam
1001 1246 1141 1326 pecunia
1163 1263 1212 1306 cx-

279 1333 383 1416 plere,
417 1331 476 1394 nisi
506 1329 594 1393 etiam
624 1325 792 1390 crudelitati
813 1329 938 1410 sanguis
959 1329 1139 1410 pratitus1
1172 1329 1211 1402 sit,
1249 1333 1250 1375 t

279 1433 372 1479 unum
395 1411 579 1497 perfugium,
604 1411 731 1488 iudices,
762 1428 822 1472 una
843 1429 915 1493 spes
935 1413 1054 1495 reliqua
1077 1419 1130 1476 est
1150 1411 1211 1476 Sex.

279 1499 404 1577 lloscio,
427 1497 544 1574 eadem,
566 1513 633 1578 quae
653 1495 700 1557 rei
723 1493 861 1575 publica,
882 1502 982 1559 vestra
1004 1497 1139 1578 pristina
1159 1495 1212 1556 bo·
1249 1490 1250 1547 l

279 1584 358 1646 nitas
383 1589 415 1646 et
442 1579 667 1655 misericordia3
711 1593 778 1659 quar
809 1578 836 1640 si
863 1584 979 1658 manet,
1013 1580 1097 1643 salvi
1129 1580 1209 1642 etiam

278 1683 361 1732 nunc
384 1683 454 1730 esse
479 1679 667 1748 possumus3
709 1662 758 1724 sin
781 1678 818 1724 ea
839 1662 1019 1741 crudelitas,
1055 1681 1129 1746 quae
1159 1661 1209 1723 boo
1249 1698 1250 1743 ,

279 1757 417 1832 tempore
436 1750 468 1811 in
490 1766 525 1810 rc
547 1747 668 1828 publica
690 1749 810 1809 uersata
841 1751 902 1825 est,
936 1753 1054 1809 vestros
1091 1759 1208 1828 quoquc

279 1835 397 1899 animos
426 1830 470 1912 (id
493 1829 574 1912 quod
597 1828 662 1891 deri
683 1825 821 1910 prolecto
844 1847 906 1892 non
931 1829 1043 1913 potest)
1073 1830 1207 1893 duriores
1247 1881 1249 1902 ,

279 1917 516 1997 acerbioresque
547 1910 693 1992 reddidit,
726 1918 825 1974 actum
855 1917 920 1992 est,
951 1913 1090 1992 iudices3
1139 1914 1209 1974 inter
1247 1903 1250 1977 l

279 2000 362 2064 laras
385 1999 478 2062 satius
501 2002 547 2060 est
570 2002 685 2058 aetatem
710 1994 840 2078 degere,
874 2015 962 2078 quam
992 1997 1023 2060 in
1049 1998 1111 2061 hac
1136 2000 1206 2058 tanta

216 2095 267 2148 111
280 2082 462 2148 immanitate
495 2081 620 2143 versari.
687 2079 737 2142 Ad
771 2097 837 2142 eam
871 2097 935 2142 rem
971 2097 1027 2144 vos
1063 2075 1207 2144 reservati

178 2227 185 2262 1
280 2168 374 2245 estis,
403 2165 441 2228 ad
463 2181 570 2227 eamne
590 2181 654 2225 rem
676 2163 803 2241 delecti,
825 2169 858 2225 ut
878 2161 1204 2235 eoscondemnaretis,

299 2267 356 2314 uos
387 2253 523 2311 sectores
555 2264 592 2311 ac
622 2248 732 2311 sicarii·
753 2246 893 2330 iugulare
923 2264 985 2310 non
1013 2241 1204 2330 potuissent?

278 2271 384 2399 §olent
405 2331 465 2394 boc
484 2332 556 2394 boni
582 2331 780 2413 imperatores
803 2329 925 2411 lacere,
957 2349 1047 2413 quum
1072 2331 1203 2414 praelium
1248 2331 1249 2334 ’

279 2421 476 2493 committunt,
505 2416 588 2478 utin
612 2432 650 2476 eo
676 2415 757 2491 loco,
782 2431 842 2495 quo
865 2413 968 2498 fugam
988 2414 1121 2484 bostium
1143 2413 1204 2475 lore

279 2499 480 2578 arbitrentur,
513 2499 625 2562 milites
655 2498 824 2576 collocent,
856 2498 888 2560 in
911 2515 1005 2580 quos,
1041 2500 1068 2562 si
1095 2499 1148 2582 qui
1170 2510 1204 2555 ex

152 2653 156 2664 ,
279 2584 347 2648 acie
368 2582 520 2666 fugerint,
557 2582 595 2644 de
619 2582 785 2663 improviso
806 2581 947 2646 incidant.
989 2581 1138 2646 Nimirum
1162 2579 1202 2641 si-

131 2735 135 2742 ,
277 2667 387 2732 militer
405 2667 585 2730 arbitrantur
605 2665 655 2728 isti
683 2665 832 2727 bonorum
855 2670 1025 2748 emptores,
1062 2684 1120 2730 vos
1149 2663 1203 2736 hic,

277 2750 354 2814 tales
378 2750 481 2827 viros,
502 2750 629 2828 sedere,
651 2749 703 2831 qui
727 2750 884 2830 excipiatis
906 2766 979 2829 eos,
1010 2748 1061 2830 qui
1084 2750 1123 2812 de
1144 2745 1201 2810 suis

276 2832 414 2898 inanibus
446 2833 617 2915 ellugerint.
681 2831 730 2894 Dii
758 2832 955 2912 prohibeant,
1000 2833 1137 2910 iudices,
1173 2830 1201 2889 ul

110 2975 114 2984 .
276 2916 353 2993 boc,
386 2915 469 2998 quod
498 2917 630 2979 maiores
660 2914 818 2978 consilium
841 2916 993 2997 publicum
1018 2919 1123 2980 vocari
1147 2928 1200 2976 vo-

213 2999 609 3082 1anluerunt,praesidium
632 3004 783 3062 sectorum
807 3001 1002 3064 existimetur.
1049 3000 1100 3063 An
1120 3011 1199 3066 vero,

272 3081 411 3161 iudices,
444 3099 500 3146 vos
521 3101 583 3146 non
605 3083 793 3166 intelligitis,
823 3083 899 3146 nihil
928 3083 1010 3148 aliud
1039 3085 1110 3168 agi,
1145 3075 1199 3143 nisi

271 3173 306 3231 ut
327 3163 567 3248 proscriptorum
589 3166 678 3229 liberi
702 3165 807 3247 quavis
822 3167 948 3230 'ratione
980 3166 1140 3244 tollantur,
1171 3165 1198 3222 el
1247 3181 1248 3254 ι

272 3251 340 3314 eius
362 3250 408 3312 rei
433 3247 548 3313 initium
575 3251 606 3314 in
627 3255 730 3312 vestro
750 3250 943 3314 iureiurando
967 3257 1057 3333 atque
1079 3252 1111 3315 in
1134 3246 1197 3314 Sex.
1247 3259 1248 3320 ι

270 3333 375 3398 lloscii
394 3332 533 3416 periculo
556 3333 676 3417 quari?
704 3331 835 3396 Dubium
857 3338 913 3412 est,
936 3333 1084 3417 adquam
1106 3331 1196 3398 male·

271 3416 371 3480 ficium
389 3418 557 3499 pertineat,
591 3435 684 3500 quum
704 3416 831 3480 videatis
855 3435 895 3480 ex
925 3417 1020 3480 altera
1040 3424 1128 3499 parte
1148 3429 1195 3478 se-

272 3507 399 3578 ctorem,
421 3501 585 3579 inimicum,
606 3500 761 3579 sicarium,
786 3501 975 3582 eundemque
994 3507 1193 3576 accusatorem

272 3582 333 3647 boc
351 3589 508 3667 tempore,
554 3603 594 3648 ex
617 3584 714 3648 altera
738 3589 825 3667 parte
846 3591 1007 3669 egentem,
1043 3585 1191 3668 probatum

277 3713 508 3730 w

308 3774 472 3908 :unffi-—
490 3777 645 3832 crudelitato
664 3777 797 3846 sanguinis
814 3778 932 3844 perlitus.
973 3777 1050 3832 codd.
1069 3779 1124 3831 edd.
1142 3779 1190 3830 otti·
