2546 4310
176 211 596 270 PRO·SE,X.ROS(310
620 213 849 276 AMERINO.
932 219 967 268 8?

52 390 86 467 si,
107 392 137 451 ut
158 386 293 450 auarus?
319 387 402 470 quid,
421 387 458 466 si,
477 391 510 450 nt
527 386 655 450 andan?
674 385 807 468 quidsi,
829 384 968 464 utititas,

51 473 98 553 qni
119 472 238 534 coenus
262 477 317 548 est,
337 471 589 534 inimicissimus?
613 490 685 534 num
707 470 878 552 miserenda,
901 487 968 552 qnae

51 564 78 618 te
98 555 134 617 ad
157 560 275 637 tarnum⁴
293 554 410 618 facinus
431 553 663 617 ιιιιιιιιιιθιιιιιιΙ
703 554 781 628 Quid
806 570 881 636 ergo
905 553 968 615 iro-

50 658 109 702 rum
128 638 236 720 negari
258 637 385 720 potest?
420 638 562 702 Tenuites
586 638 717 701 hominis
739 637 888 700 eiusmodi
909 643 966 714 est,
1077 701 1087 722 ,

50 729 79 784 ιιι
105 721 288 784 dissimulari
321 739 382 784 non
413 729 505 804 queat
534 727 623 802 atque
656 740 693 784 eo
718 727 815 804 magis
838 721 967 798 eluceat,

51 823 105 887 qno
122 805 220 887 magis
244 805 422 867 occultatur.
466 804 631 868 Avaritiam
652 804 797 886 praeiers,
836 805 887 884 qni
911 820 967 866 so-
977 810 1013 858 81

53 891 181 950 eietatem
197 888 325 952 'coieris
364 887 402 951 de
433 890 593 970 municipis
626 891 809 970 cognatique
838 887 968 952 fortunis

53 991 111 1034 eum
128 972 323 1034 alienissimo.
369 971 464 1044 Quam
482 973 525 1035 sis
542 972 650 1050 audam
673 969 706 1033 ιιι
722 973 781 1052 alia
795 971 969 1048 obliviscor,

53 1056 119 1118 hine
136 1073 243 1118 omnes
265 1055 440 1138 intelligere
461 1051 747 1137 potnerunt‚,qnod
769 1073 807 1116 ex
825 1060 890 1118 tota
912 1071 969 1117 so-

54 1141 168 1217 cietate,
203 1139 344 1217 honest,
382 1157 421 1201 ex
442 1146 488 1202 ιοι
510 1141 641 1217 sicariis,
670 1140 755 1202 solus
774 1145 808 1200 tn
828 1139 968 1202 inventus

54 1241 99 1300 es,
136 1222 188 1304 qui
209 1241 279 1286 erm
307 1223 533 1286 accusatoribus
562 1223 688 1286 sederes
710 1229 800 1304 atque
829 1239 865 1285 os
885 1228 969 1286 tuum

53 1324 106 1368 non
126 1306 216 1369 modo
240 1305 428 1385 ostenderes,
460 1307 626 1382 sedetiam
649 1307 787 1370 offerres.
833 1305 969 1369 inimici-

54 1391 102 1452 tias
121 1390 173 1452 tibi
188 1389 287 1452 fnisse
310 1407 378 1452 enm
399 1389 470 1454 Sex.
491 1389 601 1452 Roscio
623 1398 654 1453 et
675 1407 800 1472 rnnpnm
814 1390 861 1454 rei
876 1387 969 1452 temi-

55 1472 127 1535 iiaris
152 1474 397 1550 controversias,
430 1473 581 1536 concedas
604 1489 733 1536 necesse
758 1478 811 1536 est.
853 1472 1015 1542 Restatss

55 1557 168 1633 iudices,
189 1563 222 1618 ut
245 1556 306 1618 hoe
327 1557 507 1633 dubitemus,
526 1562 594 1619 uter
614 1558 715 1637 potius
735 1555 805 1620 Sex.
826 1555 969 1619 Roscium

56 1640 199 1716 occiderit,
233 1641 280 1717 is,
311 1640 349 1704 ad
369 1659 459 1720 quern
479 1645 577 1718 morte
599 1641 665 1703 eius
685 1640 797 1702 divitie
821 1639 969 1715 venerint,

57 1741 89 1784 an
114 1724 156 1801 is,
193 1723 232 1787 ad
255 1741 345 1804 quem
369 1723 565 1800 mendicitas,
601 1723 646 1800 is,
682 1727 734 1805 qni
757 1730 847 1786 antea
867 1721 969 1786 tennis

56 1804 144 1885 inerit,
168 1825 205 1871 an
229 1808 270 1884 ie,
301 1807 352 1888 qui
373 1813 479 1889 postea
499 1806 596 1870 iactus
621 1810 660 1870 sit
681 1807 903 1890 egentissimus,
932 1805 971 1880 is,

59 1891 100 1970 qui
113 1890 221 1954 ardens
236 1891 363 1954 avaritie
378 1890 494 1954 senemr
506 1889 635 1954 infestus
650 1892 681 1953 in
696 1897 781 1966 suos,
806 1907 844 1954 an
862 1890 898 1966 is,
918 1888 971 1970 qui

58 1991 165 2055 semper
186 1976 227 2037 ita
253 1975 374 2052 vixerit,
397 1980 430 2036 ut
453 1979 598 2056 questum
619 1980 724 2038 nosset
744 1973 868 2050 nullum,
901 1969 971 2034 fre
1071 1993 1080 2020 ι’

59 2061 126 2119 etum
136 2065 314 2124 autemeam
326 2059 437 2135 solum,
453 2077 541 2139 quem
553 2059 657 2122 labore
665 2058 845 2140 peperisset,
860 2056 898 2134 is,
918 2055 977 2136 qni*

61 2140 185 2223 omniurn
200 2149 357 2204 sectorum
381 2140 599 2204 audacissimus
623 2143 673 2220 sit,
697 2160 736 2204 un
759 2142 797 2218 is,
821 2139 873 2222 qui
893 2155 971 2221 proa-
1090 2161 1099 2178 =

60 2228 117 2302 pter
136 2223 195 2288 ieri
219 2223 464 2306 iudiciorumque
485 2225 676 2288 insolentiam
698 2239 759 2288 non
782 2221 971 2288 modosub-

62 2306 157 2386 sellia,
189 2308 408 2372 verumetiam
436 2307 541 2370 urbem
563 2310 659 2390 ipsam
679 2307 873 2384 reformidet,
910 2323 972 2389 po·
1001 2375 1004 2379 ,

62 2395 177 2470 streton,
215 2392 353 2469 iudioes‚
389 2392 524 2473 idquod
546 2393 687 2471 adrem,
725 2409 793 2456 mea
813 2391 972 2466 sententia,

63 2475 177 2538 maxime
200 2477 351 2558 pertinet,
388 2483 487 2538 utrum
518 2477 656 2540 inimicus
677 2477 778 2558 potius
814 2493 855 2538 en
884 2473 972 2538 ttius.

64 2553 122 2618 Haec
143 2565 184 2637 tn,
216 2560 321 2636 Eruci,
338 2565 390 2624 ,tot
411 2565 448 2622 et*
464 2565 544 2622 tanta
567 2561 593 2622 si
613 2569 721 2624 noetus
741 2577 831 2622 esses
851 2559 883 2620 in
905 2572 1018 2634 remea
1036 2553 1090 2627 32*
1194 2603 1202 2612 -

66 2641 190 2718 quamdiu
203 2642 340 2706 diceres!
363 2660 424 2724 quo
439 2645 469 2704 te
480 2637 578 2705 ‘modo
593 2643 737 2708 iactares!
756 2648 882 2722 tempus,
898 2641 973 2704 her-

67 2723 141 2801 enta,
176 2733 205 2788 te
240 2727 329 2790 eitius
375 2745 462 2808 quam
485 2728 582 2788 oratio
606 2727 756 2790 deficeret.
800 2725 918 2788 Etenim
942 2724 974 2786 in

67 2805 179 2888 singulis
192 2811 287 2874 rebus
302 2810 451 2875 eiusmodi
468 2811 608 2872 materies
625 2820 681 2889 est,
704 2817 735 2873 ut
750 2809 815 2872 dies
834 2807 974 2892 singulos

67 2892 153 2967 possis
173 2911 363 2958 consumere.
417 2893 523 2975 Neque
554 2911 613 2977 ego
643 2913 705 2958 non
728 2911 852 2976 possum
860 2910 870 2967 3
912 2907 976 2955 non

70 2974 136 3034 enim
155 2977 227 3039 mihi
248 2985 363 3042 tantum
387 2978 523 3060 derogo,
552 2980 669 3042 tametsi
691 2978 766 3040 nihil
788 2984 912 3058 arrogo,
943 2979 977 3037 ut
1081 2992 1084 3007 ¹

69 3058 93 3114 le
112 3060 260 3140 copiosius
296 3081 385 3148 qnam
406 3079 455 3124 me
476 3069 578 3144 putem
601 3079 694 3143 posse
717 3062 836 3136 dicere3
870 3077 977 3121 rernm
1082 3097 1084 3106 .

71 3153 119 3218 ego
152 3143 277 3209 forsitan
313 3153 441 3228 propter
472 3145 689 3210 multitudinem
718 3151 912 3227 patronorum
944 3141 978 3202 in
1016 3187 1021 3200 ,

72 3235 153 3306 grege
176 3245 374 3309 annumerer;
402 3236 432 3291 te
455 3247 558 3311 pugna
583 3227 749 3295 Cannensis
771 3233 977 3292 accusatorem

74 3309 109 3364 sat
131 3309 239 3373 bonurn
268 3312 349 3378 fecit.
399 3313 507 3376 Multos
537 3330 633 3377 cresus
665 3331 727 3376 non
758 3313 796 3376 ad
822 3309 978 3398 Trasime-

74 3392 262 3472 pentacon,
304 3397 358 3460 sed
390 3397 426 3460 ad
453 3395 612 3460 Servilium
636 3397 773 3461 vidimus.
826 3392 901 3467 Ques
933 3391 1024 3452 tbteo

76 3485 124 3531 nen
152 3485 195 3540 est
231 3480 407 3543 entnmntas
436 3482 522 3561 ferro
551 3480 708 3563 Phrppio?
750 3479 819 3544 Nou
848 3492 977 3538 necesse

77 3558 113 3612 est
130 3574 228 3625 omnes
250 3580 499 3643 commemorare,
523 3563 656 3646 Curtios,
685 3564 816 3641 Marios,
846 3559 977 3642 denique

77 3689 283 3720 Ἢ

107 3760 115 3790 ¹
140 3768 205 3818 codd
235 3771 291 3824 edd.⁴
326 3781 383 3826 cett.
411 3799 446 3810 -
478 3773 625 3842 querenda·
655 3787 749 3837 cause,
786 3788 811 3840 q.
841 3777 859 3822 ι.
878 3786 902 3823 a.
920 3779 937 3820 t.
958 3768 975 3820 ι.
999 3839 1002 3844 1

102 3831 240 3893 adduxerit?
