2546 4310
110 273 132 304 ·.
179 254 273 310 uno
301 255 402 313 sex.
423 255 606 312 noscro
630 217 862 312 nmnurno.
948 263 985 314 aa

62 429 154 512 ipsius
193 428 397 492 caerimoniam
436 427 580 512 polluerit
617 428 795 511 maculaque
839 431 985 513 affecerit,

61 533 115 594 qua
152 513 179 575 is
215 513 336 575 tandem
373 531 473 595 poena
512 512 661 576 afficietur
691 519 744 577 aut
778 531 838 595 quo
870 515 983 580 iudicio
1035 551 1039 564 ‹
1160 575 1163 600 ,
1247 597 1248 606 ¹

60 595 273 658 damnabitur?
310 595 342 661 Si
364 596 442 659 hanc
464 598 493 659 ei
513 615 578 659 rem
599 597 750 678 privatim
764 597 834 661 Sex.
853 597 982 664 Roscius
994 611 1046 666 114

58 679 279 757 mandavisset,
316 687 351 742 ut
372 699 439 742 cum
465 679 667 762 Chrysogono
688 682 871 764 transigeret
893 688 983 764 atque

59 762 228 840 decideret,
276 763 369 844 inque
402 781 469 826 eam
497 781 562 826 rem
591 763 680 825 tidem
713 782 816 845 suam,
853 767 881 829 si
910 766 983 848 quid

60 863 131 926 opus
162 863 234 909 esse
263 852 399 928 putaret,
443 848 668 929 interponeret,
714 846 786 926 ille,
829 850 881 930 qui
911 867 983 916 sese

59 927 201 991 iacturum
224 931 413 1011 recepisset,
437 948 557 1005 nonne,
591 931 618 992 si
640 948 680 992 cx
700 945 739 993 eo
762 933 887 1014 negotio
910 938 983 995 tan-

59 1011 145 1074 tulum
182 1014 214 1075 in
248 1031 313 1075 rem
350 1032 435 1077 suom
467 1013 684 1093 convertisset,
734 1013 889 1079 damnatus
922 1028 981 1098 per

59 1095 195 1159 arbitrum
227 1103 259 1159 et
286 1115 351 1159 rem
380 1098 554 1161 restitueret
581 1103 611 1160 et
641 1097 828 1161 honestatem
860 1117 979 1162 omnem

59 1180 225 1242 amitteret?
267 1179 354 1243 Nunc
384 1198 450 1243 non
480 1181 558 1242 hanc
595 1181 625 1247 ci
657 1198 722 1244 rem
750 1180 820 1245 Sex,
850 1180 1043 1250 Roscius11⁵
1146 1194 1148 1200 '

58 1262 213 1341 mandavit,
235 1262 303 1341 sed,
327 1265 358 1327 id
379 1264 460 1346 quod
482 1265 578 1327 multo.
594 1265 718 1348 gravius
738 1270 793 1341 est,
817 1267 884 1349 ipsc
908 1265 979 1330 Sex.
1008 1295 1010 1300 v

57 1342 177 1409 Roscius
200 1364 270 1409 cum
291 1346 388 1424 lama,
426 1350 488 1410 vila
507 1348 657 1429 bonisque
678 1349 816 1414 omnibus
840 1369 860 1412 a
882 1349 980 1414 decu-

58 1427 188 1493 rionibus
211 1431 337 1513 publice
359 1429 522 1513 [Ιίοεοὶο]1
549 1431 707 1493 mandatus
731 1437 793 1510 est,
825 1439 856 1495 et
879 1437 918 1496 ex
938 1450 978 1496 co

58 1509 87 1572 T.
109 1511 238 1577 Roscius
262 1531 325 1577 non
346 1515 479 1597 paullum
503 1516 608 1577 nescio
639 1515 711 1594 quid
738 1515 770 1576 in
798 1533 863 1579 rem
893 1535 979 1580 suam

59 1601 211 1675 convertit,
241 1598 299 1662 sed
320 1599 401 1661 huno
421 1596 553 1661 funditus
576 1597 683 1658 evertit
703 1597 803 1676 bonis,
833 1617 900 1680 rpse
921 1600 978 1663 tria

58 1679 163 1756 predia
193 1683 253 1745 sibi
289 1682 434 1764 depactus
463 1687 529 1758 cst,
565 1680 748 1743 voluntatem
779 1681 978 1745 decurionum

58 1777 91 1902 ῗο
109 1765 293 1849 municipum
315 1765 448 1829 omnium
466 1763 629 1844 tantidem,
653 1763 754 1846 quanli
776 1763 865 1828 tidem
881 1784 976 1847 suom,

70 1844 130 1908 ecit.

123 1928 239 1996 ,Videte
263 1933 324 1995 ram
347 1949 441 2015 porro
468 1939 582 2010 cetera,
605 1931 731 2011 iudices,
762 1936 796 1996 ur
817 1917 1087 2017 intellige-nelli

60 2009 103 2087 lis,
124 2011 196 2096 tingi
208 2016 395 2094 maleficium
410 2017 524 2080 nullum
542 2033 645 2099 posse,
668 2033 729 2098 quo
750 2017 809 2080 iste
824 2035 898 2081 sese
913 2035 975 2081 non

60 2099 269 2163 contaminarit.
327 2099 361 2163 ln
393 2100 485 2164 rebus
518 2100 684 2162 minoribus
719 2101 835 2164 socium
867 2100 975 2164 fallere

60 2180 254 2258 turpissimum
291 2191 357 2262 est,
390 2201 537 2266 equoque
568 2189 656 2265 turpe
699 2189 788 2265 atque
811 2184 905 2262 illud,
937 2184 977 2248 de

61 2276 114 2337 quo
135 2272 202 2328 ante
224 2265 308 2343 dixi;
337 2285 437 2348 neque
459 2268 578 2344 iniuria,¹
600 2274 764 2364 propterea
784 2268 865 2350 quod
885 2268 977 2332 aoxi-

62 2339 126 2406 lium
146 2349 204 2411 sibi
228 2369 265 2414 se
289 2357 372 2433 putat
395 2351 587 2427 adiunxisse,
622 2368 674 2431 qur
704 2369 771 2413 cum
795 2351 891 2414 altero
909 2370 977 2421 rem

62 2434 293 2498 communicavit.
347 2434 406 2498 ,nd
441 2435 527 2497 cuius
560 2433 654 2516 igitur
686 2433 775 2497 fidem
809 2433 976 2517 confugiet,

62 2525 141 2586 quum
161 2534 218 2597 per
244 2519 311 2581 eius
335 2517 424 2580 fidem
455 2518 589 2594 laeditur,
623 2517 673 2580 cui
702 2535 737 2580 se
767 2518 975 2582 commiserit?

63 2590 142 2674 Atqui
165 2616 200 2662 ea
222 2608 294 2665 sunt
317 2602 579 2666 animadvertenda
599 2606 724 2684 peccata
745 2601 885 2680 maxime,
907 2618 975 2682 que

64 2671 226 2748 dillicillime
244 2691 460 2767 precaventur.
503 2685 588 2748 Tecti
612 2703 681 2748 esse
702 2683 740 2746 od
759 2681 877 2748 alienos
894 2701 973 2768 pos-

65 2771 171 2842 sumum
214 2769 310 2832 intimi
331 2769 422 2832 multa
444 2769 597 2851 apertiora
621 2767 742 2832 videant
760 2785 889 2832 necesse
911 2774 976 2846 est;

64 2844 166 2909 socium
187 2851 324 2914 cavere²
346 2843 398 2934 qui
419 2853 606 2935 possumus?
631 2870 721 2932 quem
743 2853 832 2914 etiam
855 2851 883 2914 si
903 2859 992 2914 me-'

63 2925 179 3011 luimus,
214 2936 261 2999 ius
293 2935 386 2998 officii
415 2937 559 2999 laedimus.
612 2935 705 2997 Recte
729 2934 822 3018 igitur
841 2936 973 2999 maiores

64 3019 138 3089 ellll,
171 3020 222 3098 qui
250 3020 367 3102 socium
398 3019 578 3097 fefellisset,
612 3019 645 3082 in
665 3018 800 3080 uirorum
823 3017 972 3082 bonorum

63 3101 175 3161 numero
196 3119 257 3166 non
279 3109 421 3185 putarunt
441 3103 548 3166 haberi
570 3109 721 3184 oportere.
769 3101 811 3164 At
836 3119 914 3166 *vero
938 3102 1035 3164 'llrtr

64 3164 177 3244 Roscius
203 3203 265 3249 non
295 3204 388 3249 unum
423 3188 469 3250 rei
502 3185 685 3269 pecuniariae
717 3185 833 3248 socium
863 3183 973 3250 fefellit

65 3248 155 3339 (quod,
178 3271 296 3333 tametsi
319 3287 415 3352 grate
437 3277 493 3349 cst,
523 3275 622 3332 tomen
643 3268 745 3352 aliquo
767 3267 858 3330 modo
879 3285 973 3349 posse

66 3331 129 3430 fetri
147 3348 292 3435 videtur),
315 3371 419 3416 verum
439 3371 549 3417 novem
571 3352 710 3415 homines
731 3352 973 3429 honestissimos,

67 3425 185 3518 eiusdem
206 3437 350 3516 muneris,
386 3437 560 3520 legationis,
593 3435 686 3499 olfioii
706 3434 973 3514 mandatorumque

67 3514 172 3593 Situs,
204 3519 340 3598 induxit,
369 3520 505 3602 decepit,
530 3519 679 3597 destituit,
709 3517 890 3581 adversariis
905 3522 972 3578 tra-

68 3578 144 3670 dudit,
173 3604 254 3666 omni
274 3603 382 3669 fraude
404 3613 436 3668 et
454 3602 582 3688 perfidia
604 3602 732 3681 fefellit3
769 3599 882 3687 quide
904 3598 971 3688 eius

69 3707 275 3751 χ-

99 3780 107 3810 ¹
126 3793 183 3844 rom'.
196 3797 292 3855 llctmn.
311 3802 361 3854 Ed.
379 3795 476 3856 1472.Ι
493 3803 603 3856 Roscius
620 3827 656 3842 ·-
673 3800 729 3854 sine
747 3797 829 3852 uncis.
865 3795 879 3830 ²
902 3795 974 3850 codd.

95 3851 144 3949 fdd·
159 3874 214 3920 cett.
233 3897 265 3910 ·-
284 3875 385 3926 socium
403 3891 467 3927 vero
488 3888 545 3927 cuv.

747 4005 778 4056 ὅθ
845 4029 848 4036 l
