2546 4310
927 249 973 306 IX

98 408 187 468 danus
205 421 223 466 a
244 397 370 482 irupibus
389 403 426 466 ad
448 405 563 482 glandes
584 400 761 465 redierunt.¹
797 401 927 462 'lletinuit
941 405 1024 463 etiam

97 493 277 550 Coloniensis
300 510 360 549 cum
381 491 503 549 Victorii
526 496 556 548 et
577 490 706 548 Lambini
731 487 879 546 codicibus
904 495 933 546 et
961 490 1027 564 ple-

99 579 194 650 risque
210 576 359 633 deterioris
375 576 486 632 familie
505 575 534 632 in
555 578 575 643 ς
591 575 630 631 31
650 575 721 630 banc
736 589 831 631 veram
845 573 1025 646 scripturam:

98 677 204 716 cousus
223 659 301 732 opud
319 669 347 718 te
367 660 528 747 reputatione
546 658 732 730 pretiosiores
746 672 806 712 csse
820 672 903 728 quom
919 657 1025 726 cultus,
1116 685 1117 688 =

99 745 129 800 iu
152 761 206 816 qua
228 749 292 818 apta
313 751 341 800 et
361 743 519 804 necessaria
537 749 579 799 est
590 757 774 818 ¹personarum
792 746 917 802 notarum
932 739 1026 812 signi·-
1120 765 1122 772 s

99 827 199 888 ficatio
221 829 322 900 (quom
343 835 408 884 tuus
425 833 499 882 essct
519 826 694 882 necessarios
713 827 748 893 ts,
772 824 823 898 put
843 831 870 880 te
891 827 1026 895 oraret),-

98 910 220 982 lnllrl,
242 907 363 982 (11112,
387 909 524 984 leidensi,
551 905 768 980 salisburgensi,
790 907 877 963 Paris.
901 909 950 979 11,
973 909 1027 964 de-

84 992 290 1066 .tericrnmque
315 994 421 1066 aliquot
445 1009 481 1048 ex
503 995 569 1050 loco
597 993 680 1066 paulo
706 991 839 1070 interiore
859 1007 911 1064 pro
932 991 1027 1048 cultus

100 1077 255 1134 subiectum
278 1083 320 1133 est
337 1069 439 1150 preces
455 1076 544 1150 (quod
563 1075 613 1146 ibi,
636 1093 667 1132 re
688 1075 742 1132 iam
762 1076 890 1148 exposita
905 1077 957 1132 uec
973 1075 1026 1132 ad·

100 1160 167 1216 dito
183 1161 321 1232 genitivo,
346 1167 438 1234 aptum
467 1156 534 1232 est).
574 1159 665 1232 Atque
695 1159 742 1216 bio
773 1160 884 1232 quidem
913 1177 981 1228 unus
1010 1177 1027 1214 e

99 1243 301 1317 recentissimis
326 1242 462 1301 soldanus
484 1245 554 1300 laisa
576 1241 750 1300 auctoritatis
774 1242 870 1316 specio
894 1243 1026 1317 deceptus
1093 1277 1100 1288 .

100 1332 162 1399 est,
208 1326 258 1382 sed
283 1327 362 1396 §24
392 1333 420 1383 et
447 1328 470 1383 is
499 1334 527 1384 et
557 1325 682 1384 Klotnius
712 1342 764 1400 pro
793 1343 860 1384 vera
889 1327 1026 1400 scriptura

100 1413 177 1479 (non
202 1416 275 1478 tom,
295 1425 332 1466 ne
356 1409 532 1482 offendam),
561 1426 642 1482 quam
664 1427 726 1465 cum
746 1406 893 1466 deterioris
916 1410 1027 1466 lamiliae

99 1495 188 1564 longe
210 1494 332 1567 pluribus
353 1499 500 1550 servante
523 1494 638 1550 meliore
660 1491 730 1549 (iud.
745 1493 766 1548 2
783 1500 810 1550 et
829 1493 1029 1564 salisburgena
1089 1494 1097 1504 “

99 1577 152 1648 sis,
176 1577 373 1634 substituerunt
396 1593 432 1634 ex
452 1577 626 1647 Erlurteusi,
646 1576 782 1646 censensi,
805 1577 952 1633 Parisiensi
977 1578 1037 1652 11,

101 1660 202 1734 quibus
225 1661 277 1716 bio*
296 1659 471 1717 coloniensis
505 1659 683 1732 adiungitur,
722 1660 867 1717 manifesto
900 1661 1027 1732 interpo-

100 1745 203 1800 latam:
244 1759 302 1800 non
325 1751 384 1800 tum
400 1742 581 1817 proptera‘d,
611 1759 647 1799 ne
667 1741 825 1814 offendunt,
856 1760 909 1800 nec
937 1749 1028 1800 tamen

100 1825 184 1883 buius
218 1827 421 1885 coniunctionis
459 1836 578 1900 propter
604 1826 652 1897 id,
698 1844 735 1883 nc
776 1830 847 1895 (ut)
872 1827 1028 1902 exemplum

101 1907 292 1984 ascripserunt
315 1909 398 1967 aliud.
440 1910 576 1984 Apparet,
597 1912 625 1968 in
648 1912 701 1968 bac
722 1911 849 1967 oratione
872 1910 1030 1984 interpola-

98 1995 209 2050 tionem
225 1994 306 2050 etiam
324 1993 467 2050 meliorem
484 1994 613 2052 familiam
636 2011 691 2051 non
712 1994 750 2049 ita
770 1994 869 2051 leviter
890 1994 1028 2066 attigisse,

100 2077 153 2134 sed
175 2073 235 2133 eius
259 2077 330 2132 alios
359 2077 473 2133 codices
504 2077 567 2134 aliis
595 2079 623 2135 in
646 2079 718 2134 locis
740 2085 868 2152 expertes
894 2078 1029 2134 mansisse
1061 2142 1066 2152 Ι
1162 2077 1166 2084 ’

98 2161 202 2238 partim
230 2165 347 2235 propter
372 2160 461 2234 ipsam
491 2161 590 2217 seriem
616 2167 643 2218 et
676 2161 859 2234 propaginem
890 2161 1028 2232 codicum,

99 2243 153 2302 sed
177 2243 267 2314 magis
286 2243 361 2316 quod
382 2244 489 2302 librarii
511 2243 753 2318 interpretamenta
770 2245 798 2300 in
820 2261 865 2317 eo,
889 2262 969 2318 quem
992 2246 1028 2302 ob

98 2327 202 2384 oculos
226 2327 377 2399 baberent,
410 2327 509 2385 codice
538 2329 659 2401 ascripta
681 2329 922 2402 superscriptaque
945 2346 1028 2402 spre-
1112 2338 1114 2344 ’

100 2409 205 2468 verint.
252 2409 324 2482 (Gir.
348 2413 368 2479 §
393 2413 441 2482 14,
468 2413 514 2469 ubi
538 2413 567 2468 in
587 2411 662 2484 Eri,
685 2411 785 2468 salisb.
807 2413 953 2484 multisque
975 2413 1029 2468 de·
1074 2415 1082 2422 '

99 2494 239 2550 teriorum
264 2499 306 2549 est
327 2495 474 2570 misereat,
507 2495 581 2568 quud
597 2488 730 2552 ’lllotzius
761 2485 877 2568 ascivit,
908 2496 937 2552 in
959 2493 1029 2552 (iud.

97 2577 132 2649 2,
156 2576 241 2647 leid,
266 2577 328 2633 aliis
353 2578 539 2636 deterioribus
559 2585 646 2650 recte,
667 2579 740 2652 quod
754 2579 908 2636 Priscianus
925 2580 1030 2636 contir-

100 2667 177 2732 met,
206 2663 398 2732 misereatur.)
448 2661 509 2730 Quo
538 2664 699 2737 patefacto,
730 2651 917 2736 perspicitur,
948 2677 1029 2736 quam

97 2760 190 2818 prave
208 2745 391 2800 recentissimi
409 2745 532 2822 editores
553 2745 649 2819 specie
671 2744 845 2802 auctoritatis
865 2745 943 2802 abusi
964 2747 1029 2819 sint,

99 2841 138 2884 ac
161 2843 197 2883 ne
221 2825 473 2901 omrrium'uuidern
499 2828 626 2886 codicum
648 2845 810 2886 consensum
840 2829 952 2887 obstare
976 2829 1029 2886 de-

97 2910 197 2968 buisse
213 2912 382 2970 correctioni
399 2912 554 2970 huiusmodi
570 2911 808 2985 soloecismorum,
825 2914 933 2986 qualem
948 2907 1030 2969 Lum-

97 2994 184 3052 binus
207 3000 236 3050 et
257 3011 313 3065 ego
337 3013 351 3050 e
374 2997 449 3064 §23
473 2997 647 3053 sustulimus:
672 2995 747 3068 (laid
765 2997 792 3052 si
812 2997 932 3054 essetab?
968 2996 1030 3055 Cre·
1125 3067 1128 3070 Ι

98 3079 201 3134 sartae
218 3094 281 3134 eum
298 3078 432 3136 tradituri
449 3079 575 3150 fuissetis
593 3097 631 3136 cn
653 3087 755 3136 contro
777 3079 917 3137 Gaesarem
934 3089 1029 3138 reten-

100 3160 187 3218 turi?
215 3179 268 3236 pro
291 3161 482 3236 lusistisluid.
506 3180 594 3234 nunc,
628 3169 728 3236 praeter
751 3179 848 3236 opusc.
870 3181 930 3221 mea
950 3163 1028 3221 acad.

97 3261 130 3318 p.
145 3245 224 3315 199,
248 3243 448 3303 admonitiones
470 3263 537 3302 mee
559 3245 594 3302 de
615 3246 685 3302 locis
708 3247 869 3320 quibusdam
888 3259 1047 3320 grammar

100 3329 167 3384 tice
183 3329 285 3384 Latino
306 3345 334 3402 p.
353 3330 418 3400 17).
450 3330 488 3386 lu
509 3330 634 3386 Klotziuts
653 3337 680 3386 ct
695 3329 849 3386 beneolrius
862 3349 897 3387 ne
911 3332 939 3386 in
956 3327 1039 3405 peu-s

15 3441 19 3452 .
101 3412 186 3468 dente
203 3411 314 3486 quidem
332 3413 468 3470 sententia
490 3414 519 3468 iu
540 3416 560 3482 §
581 3415 622 3469 34
644 3414 833 3484 meminerant,
856 3414 930 3486 quod
953 3415 1029 3482 §24

102 3494 190 3570 (quid
202 3495 316 3566 tacturi
327 3493 457 3568 suerttt's)
475 3498 613 3586 legerant,
634 3513 769 3571 quumque
787 3497 917 3554 ederetur
936 3504 1028 3554 recte:
1046 3500 1049 3506 ’

106 3693 246 3741 *8111111111
273 3694 387 3753 singulari
413 3707 496 3739 errore
521 3701 618 3756 propter
643 3695 732 3743 Grovii
752 3696 785 3751 (in
804 3695 922 3740 varietate
942 3696 1031 3740 selecta

129 3747 168 3792 vel
184 3753 261 3806 potius
274 3755 364 3794 temore
377 3756 401 3792 et
415 3751 564 3806 negligenter
577 3754 696 3808 excerpts)
708 3753 826 3796 silentium
836 3752 969 3808 complures
980 3763 1030 3794 mn.

128 3802 164 3846 las
177 3805 308 3861 scripturae
323 3804 384 3848 salso
399 3803 480 3847 tribuit
495 3803 637 3860 Coloniensi,
652 3807 851 3864 νίς-3111111111,
867 3807 915 3862 §3³
928 3808 1029 3862 quodvis

130 3867 156 3901 ro
169 3857 235 3904 Non
248 3859 362 3918 quodvis,
386 3857 468 3910 barse,
485 3858 543 3906 alls.
