2546 4310
268 201 303 252 40
612 188 888 258 uberto·

270 383 361 454 quum
383 365 415 432 in
436 381 491 431 eos
508 363 596 428 solos
623 363 675 428 lex
703 364 816 448 scripta
847 363 904 443 sit;
944 363 1077 444 deinde,
1113 381 1203 447 quare
1245 387 1246 390 ¹

271 452 423 534 aliquanto
438 455 508 533 post
527 466 594 512 eam
615 448 695 514 diem
715 449 874 526 venierint,
899 467 967 532 que
988 449 1055 512 dies
1078 449 1114 514 in
1139 450 1213 530 tege

270 533 416 622 praefinita
437 541 484 600 est
491 553 501 610 ;
545 531 673 611 deinde,
707 549 762 598 eur
784 533 899 598 tantulo
917 533 1082 596 venierint.
1136 531 1205 605 Qua

151 635 154 650 ·
272 619 373 683 omnia
396 618 442 695 si,
475 615 723 700 quemadmodum
752 617 851 681 solent
876 615 977 679 liberti
1008 633 1150 697 nequam
1179 622 1207 676 et

271 701 402 784 improbi
422 700 536 776 facere,
558 700 590 762 in
609 705 768 783 patronum
788 717 875 766 suunt
893 699 1025 764 voluerit
1047 697 1207 775 conferre,

271 785 347 851 nihil
372 785 479 867 egerit.
524 782 620 846 Nemo
645 789 691 846 est
712 784 808 859 enim,
840 783 892 864 qui
912 785 1047 856 nesciat,
1083 789 1207 866 propter

273 867 507 951 magnitudinem
528 883 630 932 rerum
651 867 892 944 multandus,
918 867 1051 948 partim1
1089 868 1206 946 impru-

212 965 262 1020 1³1
275 953 365 1018 dente
388 951 421 1014 L.
444 949 545 1028 Sulla,
581 951 778 1015 commisisse.
833 949 935 1012 Placet
956 951 1072 1033 igitur,
1110 949 1207 1011 iubis

244 1075 246 1080 ,
274 1036 365 1100 rebus
397 1033 509 1117 aliquid
541 1033 742 1116 imprudentia
795 1034 949 1098 retenirit
995 1033 1068 1098 Non
1101 1033 1208 1115 piacet,

161 1161 172 1180 .
274 1118 408 1195 iudicem
453 1116 507 1182 sed
532 1135 661 1188 neeesse
684 1122 739 1182 est.
817 1118 896 1182 euim
918 1118 944 1180 si
965 1115 1108 1198 luppiter
1130 1115 1208 1197 opti-

274 1221 341 1270 mus
363 1201 527 1278 maximus,
559 1201 644 1266 cuius
662 1207 735 1266 nubi
756 1206 785 1264 et
809 1201 932 1266 arbitrio
957 1200 1102 1278 coelum,
1131 1205 1208 1262 terra

274 1285 429 1366 marisque
461 1290 626 1369 reguntur,
677 1301 761 1366 sepe
792 1285 891 1348 ventis
928 1283 1208 1349 vehementioribus

275 1375 327 1437 un
348 1367 551 1434 immoderatis
575 1368 798 1449 tempestatibus
823 1373 873 1430 aut
901 1369 994 1432 nimio
1024 1367 1135 1432 calore
1163 1368 1207 1426 aut

275 1451 460 1516 intolerabili
482 1449 600 1534 frigore
621 1451 792 1516 hominibus
814 1451 935 1528 nocuit,
967 1451 1061 1514 urbes
1088 1449 1208 1522 delevit,

203 1547 208 1566 ⁶
275 1535 383 1620 iruges
403 1535 549 1618 perdidit,
581 1551 709 1616 quorum
738 1535 814 1598 nibil
835 1535 964 1616 pernicii
986 1553 1081 1598 causa
1108 1533 1206 1596 divino

276 1619 422 1696 consilio,
451 1617 506 1684 sed
534 1618 564 1681 vi
595 1619 663 1700 ipsu
688 1623 718 1680 et
746 1617 950 1701 magnitudine
970 1636 1075 1682 rerum
1099 1617 1206 1680 factum

275 1710 433 1788 putamus,
465 1709 495 1766 ut
521 1707 626 1764 contra
647 1700 822 1779 commode,
858 1701 968 1782 quibus
991 1703 1126 1778 utimur,
1161 1698 1206 1761 lu·

277 1804 423 1870 ceutque,
452 1803 512 1866 qua
533 1783 677 1861 lruimur,
708 1785 923 1868 spiritumque,
947 1803 1037 1867 quent
1060 1785 1206 1856 ducimus

278 1870 316 1936 ab
341 1885 379 1931 eo
402 1868 490 1932 nobis
514 1866 579 1930 dari
601 1873 690 1948 atque
712 1868 857 1948 impertiri
881 1867 1030 1947 videmus,
1053 1869 1133 1952 quid
1152 1864 1207 1926 mi·

277 1969 390 2029 ramur,
410 1951 443 2014 L.
466 1949 589 2026 Sullam,
612 1967 702 2032 quum
723 1951 808 2014 solus
830 1970 896 2016 rem
915 1952 1069 2033 publicam
1087 1949 1206 2034 regeret

280 2036 446 2116 orbemque
470 2039 619 2098 terrarum
646 2034 830 2116 gubernaret
854 2036 1033 2117 imperiique
1063 2037 1206 2098 maiesta-

278 2125 357 2196 tem,
398 2135 486 2200 quam
517 2117 608 2180 armis
637 2125 813 2200 receperat,
854 2119 973 2202 legibus
1006 2117 1204 2186 confirmaret,

278 2203 381 2283 aliqua
403 2200 641 2265 animadvertere
661 2217 723 2265 non
745 2203 905 2283 potuisse?
937 2204 996 2266 nisi
1017 2203 1078 2268 boc
1102 2202 1205 2264 miron

281 2291 336 2362 est,
356 2283 439 2365 quod
459 2284 505 2346 vis
530 2284 630 2348 diviua
654 2286 775 2368 assequi
798 2303 861 2353 nou
884 2287 991 2368 possit,
1021 2287 1048 2350 si
1072 2287 1103 2350 id
1126 2293 1205 2348 mens

89 2359 99 2384 '
219 2379 272 2434 1³2
281 2367 410 2432 bumana
430 2367 539 2450 adepta
560 2385 622 2430 non
644 2369 691 2431 sit.
733 2368 864 2446 Verum,
895 2377 929 2433 ut
961 2369 1026 2438 hec
1046 2371 1142 2435 missa
1159 2363 1204 2425 so·
1245 2377 1246 2390 ¹

281 2453 375 2530 eiam,
396 2467 462 2534 que
483 2453 541 2513 iam
562 2449 642 2515 iacta
661 2457 746 2530 sunt,
778 2471 818 2514 ex
839 2454 895 2530 iis,
928 2470 994 2534 quae
1015 2472 1097 2518 nunc
1120 2462 1205 2533 quum

279 2535 434 2599 maxime²
458 2533 541 2613 fiunt,
564 2551 666 2598 nonne
688 2537 786 2618 quivis
808 2542 908 2618 potest
929 2537 1114 2618 inlelligere,
1140 2548 1203 2594 orn·
1245 2539 1246 2592 t

278 2619 362 2684 nium
383 2619 577 2683 architectum
598 2625 629 2681 et
645 2619 884 2684 machinatorem
900 2639 992 2685 unum
1014 2639 1084 2682 esse
1108 2616 1203 2694 Chry·
1245 2623 1246 2626 ’

280 2702 462 2785 seponunt
478 2703 530 2784 qui
550 2700 620 2766 Sex.
643 2701 745 2765 Roscii
766 2721 878 2768 nomen
899 2703 1096 2768 deferendum
1118 2715 1203 2764 curu·

280 2786 346 2852 uit?
379 2785 453 2866 [hcc
473 2784 665 2869 iudicium,]³
693 2786 780 2850 euius
802 2787 929 2853 honoris
950 2805 1042 2854 causa
1064 2793 1202 2854 accusant

201 2909 203 2917 ι
280 2887 315 2937 se
337 2867 411 2935 dixit
430 2869 589 2936 Erucius?

533 3062 685 3126 Desunt
714 3081 793 3127 non
822 3081 991 3152 pauco„
1022 3049 1030 3068 ⁸

284 3195 334 3238 *⁴*
355 3197 386 3264 in
410 3199 479 3263 vico
500 3199 651 3266 Pallacine
665 3199 715 3239 θ’*
733 3203 862 3266 maxime
876 3202 1006 3270 metuit⁴
1028 3199 1077 3240 *i
1097 3202 1128 3263 in
1144 3192 1200 3256 Ve-
1245 3193 1246 3244 f

285 3283 434 3348 ientanam
450 3283 499 3324 i*
516 3300 605 3347 manu
619 3285 731 3366 praedia
753 3287 875 3368 prediis
893 3285 940 3324 i*
953 3287 1004 3352 iric
1026 3302 1086 3369 ego
1105 3279 1201 3348 audire
1245 3311 1246 3344 r

283 3367 358 3430 istos
392 3367 482 3448 cupio
506 3366 557 3405 Η
580 3375 679 3453 aptam
707 3376 737 3430 et
760 3371 878 3434 ratione
900 3370 1076 3452 dispositam
1095 3387 1128 3432 se
1149 3363 1198 3424 bt·
1245 3353 1246 3382 ¹

282 3449 358 3512 bere
381 3452 560 3528 existimant,
581 3453 633 3531 qui
657 3453 688 3514 in
705 3451 871 3518 ,salentinis
897 3461 946 3518 aut
967 3456 998 3516 in
1019 3453 1127 3517 Brutiis
1148 3447 1199 3508 ha·

283 3532 366 3611 bent,
389 3534 469 3598 unde
493 3535 546 3598 vix
568 3539 616 3597 ter
635 3535 667 3598 in
688 3554 767 3600 anno
792 3537 897 3602 audire
921 3538 1055 3603 nuntium
1071 3531 1196 3619 possunt·
1245 3521 1246 3556 ¹

322 3673 333 3706 ¹
356 3675 385 3726 F.
405 3679 497 3744 partim
517 3677 607 3741 invito,
626 3680 727 3745 partim.
782 3679 796 3712 ²
817 3679 888 3732 codol.
909 3677 978 3744 (Pur.
993 3680 1068 3744 duo.)
1085 3703 1120 3715 -
1137 3682 1197 3726 nnuc
1245 3717 1246 3740 ,

320 3745 439 3798 maxime.
472 3747 509 3829 Μ’
530 3749 595 3798 coni,
619 3772 654 3797 -.-
679 3751 735 3800 sine
760 3749 842 3830 nucis.
899 3749 912 3782 ⁴
938 3747 1059 3816 [maxime
1083 3757 1149 3803 niatu
1172 3741 1194 3788 tii

203 3881 208 3892 ,
318 3813 419 3868 Sullam
441 3814 553 3880 scilieet]
573 3816 606 3866 Ῥ
622 3833 651 3870 se
669 3817 711 3870 ”.
