<?xml version="1.0" encoding="UTF-8"?>
<!DOCTYPE html PUBLIC "-//W3C//DTD XHTML 1.0 Transitional//EN"
    "http://www.w3.org/TR/xhtml1/DTD/xhtml1-transitional.dtd">
<html xmlns="http://www.w3.org/1999/xhtml" xml:lang="en" lang="en">
 <head>
  <title>
</title>
<meta http-equiv="Content-Type" content="text/html;charset=utf-8" />
  <meta name='ocr-system' content='tesseract 3.04.00' />
  <meta name='ocr-capabilities' content='ocr_page ocr_carea ocr_par ocr_line ocrx_word'/>
</head>
<body>
  <div class='ocr_page' id='page_1' title='image "./orationesselect00madvgoog_0108.png"; bbox 0 0 2494 4314; ppageno 0'>
   <div class='ocr_carea' id='block_1_1' title="bbox 318 126 1066 290">
    <p class='ocr_par' dir='ltr' id='par_1_1' title="bbox 318 126 1066 290">
     <span class='ocr_line' id='line_1_1' title="bbox 505 126 520 164; baseline 0 -2"><span class='ocrx_word' id='word_1_1' title='bbox 505 126 520 164; x_wconf 76' lang='lat' dir='ltr'>e</span> 
     </span>
     <span class='ocr_line' id='line_1_2' title="bbox 318 231 1066 290; baseline 0.007 -5"><span class='ocrx_word' id='word_1_2' title='bbox 318 231 558 286; x_wconf 72' lang='lat' dir='ltr'>ultotucu</span> <span class='ocrx_word' id='word_1_3' title='bbox 585 231 798 290; x_wconf 72' lang='lat' dir='ltr'>mnmluln.</span> <span class='ocrx_word' id='word_1_4' title='bbox 918 265 922 280; x_wconf 89' lang='lat'>·</span> <span class='ocrx_word' id='word_1_5' title='bbox 988 243 1066 290; x_wconf 76' lang='lat' dir='ltr'>bd-</span> 
     </span>
    </p>
   </div>
   <div class='ocr_carea' id='block_1_2' title="bbox 1 367 1142 646">
    <p class='ocr_par' dir='ltr' id='par_1_2' title="bbox 1 367 1142 646">
     <span class='ocr_line' id='line_1_3' title="bbox 1 367 1019 488; baseline 0.006 -21"><span class='ocrx_word' id='word_1_6' title='bbox 1 462 3 467; x_wconf 79' lang='grc'>,</span> <span class='ocrx_word' id='word_1_7' title='bbox 89 404 122 466; x_wconf 76' lang='grc' dir='ltr'>ιη</span> <span class='ocrx_word' id='word_1_8' title='bbox 156 367 226 464; x_wconf 76' lang='lat' dir='ltr'>noro</span> <span class='ocrx_word' id='word_1_9' title='bbox 254 411 411 482; x_wconf 74' lang='lat' dir='ltr'>versatur,</span> <span class='ocrx_word' id='word_1_10' title='bbox 444 404 588 487; x_wconf 80' lang='lat' dir='ltr'>implicita</span> <span class='ocrx_word' id='word_1_11' title='bbox 617 410 664 470; x_wconf 75' lang='lat' dir='ltr'>est</span> <span class='ocrx_word' id='word_1_12' title='bbox 692 421 759 468; x_wconf 72' lang='lat' dir='ltr'>oum</span> <span class='ocrx_word' id='word_1_13' title='bbox 792 405 852 468; x_wconf 74' lang='lat' dir='ltr'>rua</span> <span class='ocrx_word' id='word_1_14' title='bbox 882 409 1019 488; x_wconf 74' lang='lat' dir='ltr'>pecuum</span> 
     </span>
     <span class='ocr_line' id='line_1_4' title="bbox 87 486 1142 570; baseline 0.008 -20"><span class='ocrx_word' id='word_1_15' title='bbox 87 486 233 550; x_wconf 80' lang='lat' dir='ltr'><strong>Asiaticis</strong></span> <span class='ocrx_word' id='word_1_16' title='bbox 255 492 285 550; x_wconf 89' lang='lat' dir='ltr'>et</span> <span class='ocrx_word' id='word_1_17' title='bbox 306 488 454 564; x_wconf 63' lang='lat' dir='ltr'>celarem</span> <span class='ocrx_word' id='word_1_18' title='bbox 477 507 569 552; x_wconf 89' lang='lat' dir='ltr'>ruere</span> <span class='ocrx_word' id='word_1_19' title='bbox 590 489 642 554; x_wconf 89' lang='lat' dir='ltr'>illa</span> <span class='ocrx_word' id='word_1_20' title='bbox 662 507 724 552; x_wconf 91' lang='lat' dir='ltr'>uon</span> <span class='ocrx_word' id='word_1_21' title='bbox 746 495 883 570; x_wconf 76' lang='lat' dir='ltr'><strong>possunt,</strong></span> <span class='ocrx_word' id='word_1_22' title='bbox 904 499 938 555; x_wconf 90' lang='lat' dir='ltr'>ut</span> <span class='ocrx_word' id='word_1_23' title='bbox 954 492 1019 556; x_wconf 85' lang='lat' dir='ltr'>baec</span> <span class='ocrx_word' id='word_1_24' title='bbox 1080 565 1082 570; x_wconf 19' lang='lat' dir='ltr'>s</span> <span class='ocrx_word' id='word_1_25' title='bbox 1138 546 1142 557; x_wconf 66' lang='grc'>,</span> 
     </span>
     <span class='ocr_line' id='line_1_5' title="bbox 1 569 1121 646; baseline 0.004 -11"><span class='ocrx_word' id='word_1_26' title='bbox 1 623 3 635; x_wconf 44' lang='grc' dir='ltr'>ι</span> <span class='ocrx_word' id='word_1_27' title='bbox 87 588 152 634; x_wconf 92' lang='lat' dir='ltr'>non</span> <span class='ocrx_word' id='word_1_28' title='bbox 176 569 285 633; x_wconf 88' lang='lat' dir='ltr'>eodem</span> <span class='ocrx_word' id='word_1_29' title='bbox 304 570 475 636; x_wconf 81' lang='lat' dir='ltr'>labefacta1</span> <span class='ocrx_word' id='word_1_30' title='bbox 514 579 598 636; x_wconf 87' lang='lat' dir='ltr'>motu</span> <span class='ocrx_word' id='word_1_31' title='bbox 620 573 788 638; x_wconf 79' lang='lat' dir='ltr'>concidant.</span> <span class='ocrx_word' id='word_1_32' title='bbox 845 573 946 646; x_wconf 84' lang='lat' dir='ltr'>Quare</span> <span class='ocrx_word' id='word_1_33' title='bbox 967 577 1018 638; x_wconf 86' lang='lat' dir='ltr'>ui·</span> <span class='ocrx_word' id='word_1_34' title='bbox 1118 575 1121 579; x_wconf 77' lang='grc'><em>’</em></span> 
     </span>
    </p>
   </div>
   <div class='ocr_carea' id='block_1_3' title="bbox 1 653 1131 732">
    <p class='ocr_par' dir='ltr' id='par_1_3' title="bbox 1 653 1131 732">
     <span class='ocr_line' id='line_1_6' title="bbox 1 653 1131 732; baseline 0.004 -14"><span class='ocrx_word' id='word_1_35' title='bbox 1 695 2 702; x_wconf 36' lang='grc' dir='ltr'>ι</span> <span class='ocrx_word' id='word_1_36' title='bbox 87 655 176 732; x_wconf 86' lang='lat' dir='ltr'>dete,</span> <span class='ocrx_word' id='word_1_37' title='bbox 198 671 269 716; x_wconf 88' lang='lat' dir='ltr'>num</span> <span class='ocrx_word' id='word_1_38' title='bbox 294 653 487 718; x_wconf 91' lang='lat' dir='ltr'>dubitandum</span> <span class='ocrx_word' id='word_1_39' title='bbox 508 657 597 720; x_wconf 88' lang='lat' dir='ltr'>uobis</span> <span class='ocrx_word' id='word_1_40' title='bbox 625 657 665 719; x_wconf 89' lang='lat' dir='ltr'>sit</span> <span class='ocrx_word' id='word_1_41' title='bbox 693 657 774 719; x_wconf 89' lang='lat' dir='ltr'>omni</span> <span class='ocrx_word' id='word_1_42' title='bbox 802 657 903 724; x_wconf 88' lang='lat' dir='ltr'>studio</span> <span class='ocrx_word' id='word_1_43' title='bbox 925 659 963 720; x_wconf 93' lang='lat' dir='ltr'>ad</span> <span class='ocrx_word' id='word_1_44' title='bbox 986 660 1018 722; x_wconf 89' lang='lat' dir='ltr'>id</span> <span class='ocrx_word' id='word_1_45' title='bbox 1117 677 1131 709; x_wconf 89' lang='grc'>-·</span> 
     </span>
    </p>
   </div>
   <div class='ocr_carea' id='block_1_4' title="bbox 0 738 1156 2074">
    <p class='ocr_par' dir='ltr' id='par_1_4' title="bbox 85 738 1037 988">
     <span class='ocr_line' id='line_1_7' title="bbox 85 738 1037 822; baseline -0.002 -21"><span class='ocrx_word' id='word_1_46' title='bbox 85 738 201 801; x_wconf 91' lang='lat' dir='ltr'>bellum</span> <span class='ocrx_word' id='word_1_47' title='bbox 217 738 402 816; x_wconf 83' lang='lat' dir='ltr'>incumbere,</span> <span class='ocrx_word' id='word_1_48' title='bbox 420 739 457 802; x_wconf 87' lang='lat' dir='ltr'>iu</span> <span class='ocrx_word' id='word_1_49' title='bbox 474 758 534 822; x_wconf 90' lang='lat' dir='ltr'>quc</span> <span class='ocrx_word' id='word_1_50' title='bbox 553 740 653 822; x_wconf 82' lang='lat' dir='ltr'>gloria</span> <span class='ocrx_word' id='word_1_51' title='bbox 667 741 797 802; x_wconf 88' lang='lat' dir='ltr'>nominis</span> <span class='ocrx_word' id='word_1_52' title='bbox 810 741 912 818; x_wconf 87' lang='lat' dir='ltr'>uestri,</span> <span class='ocrx_word' id='word_1_53' title='bbox 933 743 1017 806; x_wconf 85' lang='lat' dir='ltr'>sulus</span> <span class='ocrx_word' id='word_1_54' title='bbox 1035 795 1037 799; x_wconf 87' lang='lat'>.</span> 
     </span>
     <span class='ocr_line' id='line_1_8' title="bbox 85 822 1016 906; baseline 0.003 -20"><span class='ocrx_word' id='word_1_55' title='bbox 85 823 263 898; x_wconf 88' lang='lat' dir='ltr'>sociorum,</span> <span class='ocrx_word' id='word_1_56' title='bbox 302 823 462 905; x_wconf 81' lang='lat' dir='ltr'>vectigalia</span> <span class='ocrx_word' id='word_1_57' title='bbox 485 825 634 899; x_wconf 72' lang='lat' dir='ltr'>unanima,</span> <span class='ocrx_word' id='word_1_58' title='bbox 667 822 795 886; x_wconf 79' lang='lat' dir='ltr'>fortuna</span> <span class='ocrx_word' id='word_1_59' title='bbox 820 825 1016 906; x_wconf 88' lang='lat' dir='ltr'>plurimorum</span> 
     </span>
     <span class='ocr_line' id='line_1_9' title="bbox 85 905 933 988; baseline 0.002 -20"><span class='ocrx_word' id='word_1_60' title='bbox 85 907 199 968; x_wconf 91' lang='lat' dir='ltr'>civium</span> <span class='ocrx_word' id='word_1_61' title='bbox 222 905 408 968; x_wconf 61' lang='lat' dir='ltr'>coniunctae</span> <span class='ocrx_word' id='word_1_62' title='bbox 435 925 503 970; x_wconf 92' lang='lat' dir='ltr'>cum</span> <span class='ocrx_word' id='word_1_63' title='bbox 524 925 559 969; x_wconf 89' lang='lat' dir='ltr'>re</span> <span class='ocrx_word' id='word_1_64' title='bbox 580 907 702 988; x_wconf 92' lang='lat' dir='ltr'>publica</span> <span class='ocrx_word' id='word_1_65' title='bbox 723 906 933 974; x_wconf 65' lang='lat' dir='ltr'>defendantur,</span> 
     </span>
    </p>

    <p class='ocr_par' dir='ltr' id='par_1_5' title="bbox 0 981 1156 1326">
     <span class='ocr_line' id='line_1_10' title="bbox 1 981 1156 1076; baseline 0.001 -24"><span class='ocrx_word' id='word_1_66' title='bbox 1 1023 2 1030; x_wconf 36' lang='grc' dir='ltr'>ι</span> <span class='ocrx_word' id='word_1_67' title='bbox 179 987 327 1060; x_wconf 82' lang='lat' dir='ltr'><strong>Quoniam</strong></span> <span class='ocrx_word' id='word_1_68' title='bbox 349 989 387 1052; x_wconf 94' lang='lat' dir='ltr'>de</span> <span class='ocrx_word' id='word_1_69' title='bbox 406 1009 522 1074; x_wconf 82' lang='lat' dir='ltr'>genere</span> <span class='ocrx_word' id='word_1_70' title='bbox 542 991 615 1053; x_wconf 92' lang='lat' dir='ltr'>belli</span> <span class='ocrx_word' id='word_1_71' title='bbox 638 991 711 1069; x_wconf 85' lang='lat' dir='ltr'>dixi,</span> <span class='ocrx_word' id='word_1_72' title='bbox 732 1008 811 1054; x_wconf 89' lang='lat' dir='ltr'>nunc</span> <span class='ocrx_word' id='word_1_73' title='bbox 834 991 872 1053; x_wconf 92' lang='lat' dir='ltr'>de</span> <span class='ocrx_word' id='word_1_74' title='bbox 893 981 1102 1076; x_wconf 82' lang='lat' dir='ltr'>magni-208</span> <span class='ocrx_word' id='word_1_75' title='bbox 1153 1011 1156 1030; x_wconf 78' lang='lat'>¹</span> 
     </span>
     <span class='ocr_line' id='line_1_11' title="bbox 0 1071 1015 1154; baseline 0.005 -18"><span class='ocrx_word' id='word_1_76' title='bbox 0 1109 3 1114; x_wconf 95' lang='lat'>·</span> <span class='ocrx_word' id='word_1_77' title='bbox 84 1071 189 1136; x_wconf 85' lang='lat' dir='ltr'>tudine</span> <span class='ocrx_word' id='word_1_78' title='bbox 212 1091 310 1154; x_wconf 87' lang='lat' dir='ltr'>pauca</span> <span class='ocrx_word' id='word_1_79' title='bbox 333 1073 440 1136; x_wconf 89' lang='lat' dir='ltr'>dicam.</span> <span class='ocrx_word' id='word_1_80' title='bbox 472 1074 593 1150; x_wconf 52' lang='lat' dir='ltr'>,Potest</span> <span class='ocrx_word' id='word_1_81' title='bbox 620 1075 699 1137; x_wconf 89' lang='lat' dir='ltr'>enim</span> <span class='ocrx_word' id='word_1_82' title='bbox 730 1073 789 1137; x_wconf 92' lang='lat' dir='ltr'>hoc</span> <span class='ocrx_word' id='word_1_83' title='bbox 818 1075 897 1154; x_wconf 91' lang='lat' dir='ltr'>dici,</span> <span class='ocrx_word' id='word_1_84' title='bbox 940 1078 1015 1140; x_wconf 93' lang='lat' dir='ltr'>belli</span> 
     </span>
     <span class='ocr_line' id='line_1_12' title="bbox 83 1157 1062 1240; baseline 0.005 -22"><span class='ocrx_word' id='word_1_85' title='bbox 83 1173 184 1240; x_wconf 84' lang='lat' dir='ltr'>genus</span> <span class='ocrx_word' id='word_1_86' title='bbox 208 1175 278 1220; x_wconf 90' lang='lat' dir='ltr'>esse</span> <span class='ocrx_word' id='word_1_87' title='bbox 302 1158 342 1219; x_wconf 90' lang='lat' dir='ltr'>ita</span> <span class='ocrx_word' id='word_1_88' title='bbox 365 1159 589 1236; x_wconf 87' lang='lat' dir='ltr'>necessarium,</span> <span class='ocrx_word' id='word_1_89' title='bbox 619 1162 652 1220; x_wconf 87' lang='lat' dir='ltr'>ut</span> <span class='ocrx_word' id='word_1_90' title='bbox 673 1157 712 1220; x_wconf 89' lang='lat' dir='ltr'>sit</span> <span class='ocrx_word' id='word_1_91' title='bbox 733 1159 918 1238; x_wconf 82' lang='lat' dir='ltr'>gerendum,</span> <span class='ocrx_word' id='word_1_92' title='bbox 951 1177 1013 1223; x_wconf 88' lang='lat' dir='ltr'>non</span> <span class='ocrx_word' id='word_1_93' title='bbox 1060 1222 1062 1229; x_wconf 47' lang='lat'>,</span> 
     </span>
     <span class='ocr_line' id='line_1_13' title="bbox 83 1240 1013 1326; baseline 0.004 -24"><span class='ocrx_word' id='word_1_94' title='bbox 83 1257 156 1302; x_wconf 88' lang='lat' dir='ltr'>csse</span> <span class='ocrx_word' id='word_1_95' title='bbox 181 1241 223 1302; x_wconf 94' lang='lat' dir='ltr'>ita</span> <span class='ocrx_word' id='word_1_96' title='bbox 247 1259 405 1323; x_wconf 83' lang='lat' dir='ltr'>magnum,</span> <span class='ocrx_word' id='word_1_97' title='bbox 438 1247 471 1303; x_wconf 94' lang='lat' dir='ltr'>ut</span> <span class='ocrx_word' id='word_1_98' title='bbox 500 1243 541 1305; x_wconf 92' lang='lat' dir='ltr'>sit</span> <span class='ocrx_word' id='word_1_99' title='bbox 568 1240 849 1323; x_wconf 89' lang='lat' dir='ltr'>pertimescendum.</span> <span class='ocrx_word' id='word_1_100' title='bbox 895 1243 928 1306; x_wconf 96' lang='lat' dir='ltr'>ln</span> <span class='ocrx_word' id='word_1_101' title='bbox 951 1261 1013 1326; x_wconf 92' lang='lat' dir='ltr'>quo</span> 
     </span>
    </p>

    <p class='ocr_par' dir='ltr' id='par_1_6' title="bbox 0 1323 1014 1409">
     <span class='ocr_line' id='line_1_14' title="bbox 0 1323 1014 1409; baseline -0.001 -19"><span class='ocrx_word' id='word_1_102' title='bbox 0 1385 1 1390; x_wconf 73' lang='grc'>,</span> <span class='ocrx_word' id='word_1_103' title='bbox 82 1324 215 1386; x_wconf 80' lang='lat' dir='ltr'>maxime</span> <span class='ocrx_word' id='word_1_104' title='bbox 238 1323 434 1388; x_wconf 90' lang='lat' dir='ltr'>laborandum</span> <span class='ocrx_word' id='word_1_105' title='bbox 464 1331 528 1404; x_wconf 91' lang='lat' dir='ltr'>est,</span> <span class='ocrx_word' id='word_1_106' title='bbox 560 1343 600 1388; x_wconf 91' lang='lat' dir='ltr'>ne</span> <span class='ocrx_word' id='word_1_107' title='bbox 629 1323 709 1388; x_wconf 87' lang='lat' dir='ltr'>forte</span> <span class='ocrx_word' id='word_1_108' title='bbox 740 1343 777 1387; x_wconf 91' lang='lat' dir='ltr'>ea</span> <span class='ocrx_word' id='word_1_109' title='bbox 806 1326 912 1405; x_wconf 87' lang='lat' dir='ltr'>vobis,</span> <span class='ocrx_word' id='word_1_110' title='bbox 946 1346 1014 1409; x_wconf 83' lang='lat' dir='ltr'>quae</span> 
     </span>
    </p>

    <p class='ocr_par' dir='ltr' id='par_1_7' title="bbox 1 1407 1029 1744">
     <span class='ocr_line' id='line_1_15' title="bbox 1 1407 1012 1489; baseline 0.003 -19"><span class='ocrx_word' id='word_1_111' title='bbox 1 1447 3 1454; x_wconf 82' lang='lat'><em>·</em></span> <span class='ocrx_word' id='word_1_112' title='bbox 82 1407 318 1489; x_wconf 82' lang='lat' dir='ltr'>diligentissime</span> <span class='ocrx_word' id='word_1_113' title='bbox 344 1407 532 1488; x_wconf 88' lang='lat' dir='ltr'>providenda</span> <span class='ocrx_word' id='word_1_114' title='bbox 561 1415 649 1486; x_wconf 89' lang='lat' dir='ltr'>sunt,</span> <span class='ocrx_word' id='word_1_115' title='bbox 695 1409 913 1472; x_wconf 86' lang='lat' dir='ltr'>contemnenda</span> <span class='ocrx_word' id='word_1_116' title='bbox 941 1429 1012 1473; x_wconf 87' lang='lat' dir='ltr'>esse</span> 
     </span>
     <span class='ocr_line' id='line_1_16' title="bbox 82 1490 1012 1573; baseline 0.004 -21"><span class='ocrx_word' id='word_1_117' title='bbox 82 1491 251 1553; x_wconf 89' lang='lat' dir='ltr'>videantur.</span> <span class='ocrx_word' id='word_1_118' title='bbox 296 1490 399 1572; x_wconf 85' lang='lat' dir='ltr'>Atque</span> <span class='ocrx_word' id='word_1_119' title='bbox 420 1497 452 1554; x_wconf 88' lang='lat' dir='ltr'>ut</span> <span class='ocrx_word' id='word_1_120' title='bbox 476 1509 581 1554; x_wconf 89' lang='lat' dir='ltr'>omncs</span> <span class='ocrx_word' id='word_1_121' title='bbox 605 1491 793 1573; x_wconf 85' lang='lat' dir='ltr'>intelligant,</span> <span class='ocrx_word' id='word_1_122' title='bbox 824 1510 874 1554; x_wconf 90' lang='lat' dir='ltr'>me</span> <span class='ocrx_word' id='word_1_123' title='bbox 894 1493 928 1556; x_wconf 87' lang='lat' dir='ltr'>L.</span> <span class='ocrx_word' id='word_1_124' title='bbox 946 1495 1012 1556; x_wconf 86' lang='lat' dir='ltr'>Lu·-</span> 
     </span>
     <span class='ocr_line' id='line_1_17' title="bbox 81 1573 1029 1656; baseline 0.001 -19"><span class='ocrx_word' id='word_1_125' title='bbox 81 1574 166 1637; x_wconf 87' lang='lat' dir='ltr'>cullo</span> <span class='ocrx_word' id='word_1_126' title='bbox 198 1579 312 1636; x_wconf 87' lang='lat' dir='ltr'>tantum</span> <span class='ocrx_word' id='word_1_127' title='bbox 340 1575 495 1656; x_wconf 90' lang='lat' dir='ltr'>impertire</span> <span class='ocrx_word' id='word_1_128' title='bbox 524 1575 640 1652; x_wconf 89' lang='lat' dir='ltr'>laudis,</span> <span class='ocrx_word' id='word_1_129' title='bbox 672 1580 813 1655; x_wconf 89' lang='lat' dir='ltr'>quantum</span> <span class='ocrx_word' id='word_1_130' title='bbox 842 1573 914 1639; x_wconf 86' lang='lat' dir='ltr'>forti</span> <span class='ocrx_word' id='word_1_131' title='bbox 943 1578 1029 1639; x_wconf 53' lang='lat' dir='ltr'>viro*</span> 
     </span>
     <span class='ocr_line' id='line_1_18' title="bbox 81 1656 1011 1744; baseline 0.002 -24"><span class='ocrx_word' id='word_1_132' title='bbox 81 1665 113 1720; x_wconf 92' lang='lat' dir='ltr'>et</span> <span class='ocrx_word' id='word_1_133' title='bbox 134 1657 291 1744; x_wconf 64' lang='lat' dir='ltr'>sapientii</span> <span class='ocrx_word' id='word_1_134' title='bbox 330 1657 445 1720; x_wconf 90' lang='lat' dir='ltr'>homini</span> <span class='ocrx_word' id='word_1_135' title='bbox 469 1664 499 1720; x_wconf 92' lang='lat' dir='ltr'>et</span> <span class='ocrx_word' id='word_1_136' title='bbox 521 1674 630 1741; x_wconf 76' lang='lat' dir='ltr'>magno</span> <span class='ocrx_word' id='word_1_137' title='bbox 653 1657 827 1738; x_wconf 90' lang='lat' dir='ltr'>imperatori</span> <span class='ocrx_word' id='word_1_138' title='bbox 856 1656 1011 1737; x_wconf 89' lang='lat' dir='ltr'>debeatur,</span> 
     </span>
    </p>

    <p class='ocr_par' dir='ltr' id='par_1_8' title="bbox 0 1738 1011 1822">
     <span class='ocr_line' id='line_1_19' title="bbox 0 1738 1011 1822; baseline 0.001 -18"><span class='ocrx_word' id='word_1_139' title='bbox 0 1787 1 1804; x_wconf 49' lang='grc' dir='ltr'>ι</span> <span class='ocrx_word' id='word_1_140' title='bbox 80 1742 172 1819; x_wconf 90' lang='lat' dir='ltr'>dico,</span> <span class='ocrx_word' id='word_1_141' title='bbox 208 1742 274 1804; x_wconf 92' lang='lat' dir='ltr'>eius</span> <span class='ocrx_word' id='word_1_142' title='bbox 296 1738 425 1805; x_wconf 87' lang='lat' dir='ltr'>aduentu</span> <span class='ocrx_word' id='word_1_143' title='bbox 447 1741 591 1804; x_wconf 89' lang='lat' dir='ltr'>maximas</span> <span class='ocrx_word' id='word_1_144' title='bbox 615 1739 792 1802; x_wconf 86' lang='lat' dir='ltr'>Mithridatis</span> <span class='ocrx_word' id='word_1_145' title='bbox 815 1742 919 1822; x_wconf 91' lang='lat' dir='ltr'>copias</span> <span class='ocrx_word' id='word_1_146' title='bbox 941 1761 1011 1804; x_wconf 91' lang='lat' dir='ltr'>om-</span> 
     </span>
    </p>

    <p class='ocr_par' dir='ltr' id='par_1_9' title="bbox 1 1822 1010 1990">
     <span class='ocr_line' id='line_1_20' title="bbox 1 1822 1010 1906; baseline 0.001 -19"><span class='ocrx_word' id='word_1_147' title='bbox 1 1883 4 1896; x_wconf 59' lang='lat'>,</span> <span class='ocrx_word' id='word_1_148' title='bbox 79 1825 172 1888; x_wconf 92' lang='lat' dir='ltr'>nibus</span> <span class='ocrx_word' id='word_1_149' title='bbox 192 1825 284 1887; x_wconf 88' lang='lat' dir='ltr'>rebus</span> <span class='ocrx_word' id='word_1_150' title='bbox 303 1831 425 1887; x_wconf 91' lang='lat' dir='ltr'>ornatas</span> <span class='ocrx_word' id='word_1_151' title='bbox 446 1832 536 1906; x_wconf 88' lang='lat' dir='ltr'>atque</span> <span class='ocrx_word' id='word_1_152' title='bbox 553 1827 714 1886; x_wconf 89' lang='lat' dir='ltr'>instructas</span> <span class='ocrx_word' id='word_1_153' title='bbox 736 1822 863 1902; x_wconf 81' lang='lat' dir='ltr'>fuisse¹²,</span> <span class='ocrx_word' id='word_1_154' title='bbox 885 1827 1010 1888; x_wconf 89' lang='lat' dir='ltr'>urbem-</span> 
     </span>
     <span class='ocr_line' id='line_1_21' title="bbox 80 1906 1010 1990; baseline 0.001 -20"><span class='ocrx_word' id='word_1_155' title='bbox 80 1925 142 1990; x_wconf 87' lang='lat' dir='ltr'>que</span> <span class='ocrx_word' id='word_1_156' title='bbox 171 1906 254 1970; x_wconf 81' lang='lat' dir='ltr'>Asiae</span> <span class='ocrx_word' id='word_1_157' title='bbox 275 1907 471 1970; x_wconf 87' lang='lat' dir='ltr'>clarissimam</span> <span class='ocrx_word' id='word_1_158' title='bbox 498 1908 649 1990; x_wconf 88' lang='lat' dir='ltr'>nobisque</span> <span class='ocrx_word' id='word_1_159' title='bbox 679 1907 909 1988; x_wconf 75' lang='lat' dir='ltr'>amicissimam,</span> <span class='ocrx_word' id='word_1_160' title='bbox 945 1909 1010 1990; x_wconf 74' lang='lat' dir='ltr'>Cy-</span> 
     </span>
    </p>

    <p class='ocr_par' dir='ltr' id='par_1_10' title="bbox 1 1990 1011 2074">
     <span class='ocr_line' id='line_1_22' title="bbox 1 1990 1011 2074; baseline -0.001 -19"><span class='ocrx_word' id='word_1_161' title='bbox 1 2031 3 2063; x_wconf 69' lang='lat'><em>2</em></span> <span class='ocrx_word' id='word_1_162' title='bbox 78 1993 275 2069; x_wconf 73' lang='lat' dir='ltr'>nicenorum,</span> <span class='ocrx_word' id='word_1_163' title='bbox 320 1991 476 2055; x_wconf 89' lang='lat' dir='ltr'>obsessam</span> <span class='ocrx_word' id='word_1_164' title='bbox 508 2009 578 2054; x_wconf 89' lang='lat' dir='ltr'>esse</span> <span class='ocrx_word' id='word_1_165' title='bbox 609 1991 646 2054; x_wconf 93' lang='lat' dir='ltr'>ab</span> <span class='ocrx_word' id='word_1_166' title='bbox 677 1990 745 2072; x_wconf 90' lang='lat' dir='ltr'>ipso</span> <span class='ocrx_word' id='word_1_167' title='bbox 776 2009 853 2074; x_wconf 88' lang='lat' dir='ltr'>rege</span> <span class='ocrx_word' id='word_1_168' title='bbox 882 1992 1011 2058; x_wconf 83' lang='lat' dir='ltr'>maxima</span> 
     </span>
    </p>
   </div>
   <div class='ocr_carea' id='block_1_5' title="bbox 78 2074 1223 2170">
    <p class='ocr_par' dir='ltr' id='par_1_11' title="bbox 78 2074 1223 2170">
     <span class='ocr_line' id='line_1_23' title="bbox 78 2074 1223 2170; baseline 0.001 -33"><span class='ocrx_word' id='word_1_169' title='bbox 78 2075 271 2140; x_wconf 91' lang='lat' dir='ltr'>multitudine</span> <span class='ocrx_word' id='word_1_170' title='bbox 291 2081 321 2137; x_wconf 93' lang='lat' dir='ltr'>et</span> <span class='ocrx_word' id='word_1_171' title='bbox 342 2082 547 2158; x_wconf 82' lang='lat' dir='ltr'>oppugnatam</span> <span class='ocrx_word' id='word_1_172' title='bbox 569 2074 843 2154; x_wconf 89' lang='lat' dir='ltr'>vehementissime,</span> <span class='ocrx_word' id='word_1_173' title='bbox 866 2095 956 2158; x_wconf 89' lang='lat' dir='ltr'>quam</span> <span class='ocrx_word' id='word_1_174' title='bbox 975 2077 1009 2138; x_wconf 90' lang='lat' dir='ltr'>L.</span> <span class='ocrx_word' id='word_1_175' title='bbox 1109 2141 1112 2148; x_wconf 57' lang='grc'>,</span> <span class='ocrx_word' id='word_1_176' title='bbox 1219 2163 1223 2170; x_wconf 18' lang='grc' dir='ltr'><strong><em>ι</em></strong></span> 
     </span>
    </p>
   </div>
   <div class='ocr_carea' id='block_1_6' title="bbox 1 2157 1155 3578">
    <p class='ocr_par' dir='ltr' id='par_1_12' title="bbox 1 2157 1051 2408">
     <span class='ocr_line' id='line_1_24' title="bbox 77 2157 1008 2236; baseline 0.002 -15"><span class='ocrx_word' id='word_1_177' title='bbox 77 2157 223 2223; x_wconf 74' lang='lat' dir='ltr'>Lucullus</span> <span class='ocrx_word' id='word_1_178' title='bbox 247 2159 374 2236; x_wconf 86' lang='lat' dir='ltr'>virtute,</span> <span class='ocrx_word' id='word_1_179' title='bbox 403 2159 593 2236; x_wconf 72' lang='lat' dir='ltr'>assiduitate,</span> <span class='ocrx_word' id='word_1_180' title='bbox 622 2157 752 2221; x_wconf 91' lang='lat' dir='ltr'>consilio</span> <span class='ocrx_word' id='word_1_181' title='bbox 774 2162 897 2223; x_wconf 80' lang='lat' dir='ltr'>mmmis</span> <span class='ocrx_word' id='word_1_182' title='bbox 920 2161 1008 2223; x_wconf 83' lang='lat' dir='ltr'>obsi-</span> 
     </span>
     <span class='ocr_line' id='line_1_25' title="bbox 77 2241 1051 2324; baseline 0.006 -19"><span class='ocrx_word' id='word_1_183' title='bbox 77 2243 181 2306; x_wconf 92' lang='lat' dir='ltr'>dionis</span> <span class='ocrx_word' id='word_1_184' title='bbox 200 2241 345 2324; x_wconf 87' lang='lat' dir='ltr'>periculis</span> <span class='ocrx_word' id='word_1_185' title='bbox 365 2243 519 2318; x_wconf 88' lang='lat' dir='ltr'>liberavit;</span> <span class='ocrx_word' id='word_1_186' title='bbox 542 2243 579 2306; x_wconf 90' lang='lat' dir='ltr'>ab</span> <span class='ocrx_word' id='word_1_187' title='bbox 602 2242 710 2305; x_wconf 91' lang='lat' dir='ltr'>eodem</span> <span class='ocrx_word' id='word_1_188' title='bbox 726 2242 908 2322; x_wconf 86' lang='lat' dir='ltr'>imperatore</span> <span class='ocrx_word' id='word_1_189' title='bbox 924 2245 1007 2307; x_wconf 84' lang='lat' dir='ltr'>clas·</span> <span class='ocrx_word' id='word_1_190' title='bbox 1019 2263 1051 2312; x_wconf 83' lang='lat' dir='ltr'>au</span> 
     </span>
     <span class='ocr_line' id='line_1_26' title="bbox 1 2321 1008 2408; baseline 0.002 -20"><span class='ocrx_word' id='word_1_191' title='bbox 1 2381 2 2388; x_wconf 74' lang='grc'>,</span> <span class='ocrx_word' id='word_1_192' title='bbox 76 2344 144 2390; x_wconf 86' lang='lat' dir='ltr'>sem</span> <span class='ocrx_word' id='word_1_193' title='bbox 167 2344 306 2408; x_wconf 75' lang='lat' dir='ltr'>magnam</span> <span class='ocrx_word' id='word_1_194' title='bbox 328 2331 358 2386; x_wconf 91' lang='lat' dir='ltr'>et</span> <span class='ocrx_word' id='word_1_195' title='bbox 379 2333 533 2408; x_wconf 87' lang='lat' dir='ltr'>ornatam,</span> <span class='ocrx_word' id='word_1_196' title='bbox 557 2343 641 2408; x_wconf 80' lang='lat' dir='ltr'>qua,</span> <span class='ocrx_word' id='word_1_197' title='bbox 666 2321 796 2389; x_wconf 84' lang='lat' dir='ltr'>ducibus</span> <span class='ocrx_word' id='word_1_198' title='bbox 815 2325 1008 2404; x_wconf 82' lang='lat' dir='ltr'>Sertorianis,</span> 
     </span>
    </p>

    <p class='ocr_par' dir='ltr' id='par_1_13' title="bbox 1 2408 1155 3246">
     <span class='ocr_line' id='line_1_27' title="bbox 1 2408 1155 2492; baseline 0.001 -20"><span class='ocrx_word' id='word_1_199' title='bbox 1 2451 3 2482; x_wconf 38' lang='grc' dir='ltr'>ι</span> <span class='ocrx_word' id='word_1_200' title='bbox 76 2409 117 2472; x_wconf 89' lang='lat' dir='ltr'>ad</span> <span class='ocrx_word' id='word_1_201' title='bbox 143 2409 263 2482; x_wconf 83' lang='lat' dir='ltr'>ltaliam¹</span> <span class='ocrx_word' id='word_1_202' title='bbox 280 2408 381 2473; x_wconf 89' lang='lat' dir='ltr'>studio</span> <span class='ocrx_word' id='word_1_203' title='bbox 407 2409 587 2472; x_wconf 86' lang='lat' dir='ltr'>inllammata</span> <span class='ocrx_word' id='word_1_204' title='bbox 617 2414 794 2490; x_wconf 88' lang='lat' dir='ltr'>raperetur,</span> <span class='ocrx_word' id='word_1_205' title='bbox 837 2417 1009 2492; x_wconf 86' lang='lat' dir='ltr'>superatam</span> <span class='ocrx_word' id='word_1_206' title='bbox 1054 2445 1062 2465; x_wconf 60' lang='grc' dir='ltr'>ι</span> <span class='ocrx_word' id='word_1_207' title='bbox 1153 2429 1155 2436; x_wconf 86' lang='grc'><em>·</em></span> 
     </span>
     <span class='ocr_line' id='line_1_28' title="bbox 77 2491 1008 2575; baseline 0 -19"><span class='ocrx_word' id='word_1_208' title='bbox 77 2511 150 2556; x_wconf 89' lang='lat' dir='ltr'>esse</span> <span class='ocrx_word' id='word_1_209' title='bbox 182 2499 272 2574; x_wconf 89' lang='lat' dir='ltr'>atque</span> <span class='ocrx_word' id='word_1_210' title='bbox 306 2493 501 2573; x_wconf 90' lang='lat' dir='ltr'>depressam;</span> <span class='ocrx_word' id='word_1_211' title='bbox 545 2511 673 2575; x_wconf 78' lang='lat' dir='ltr'>magnas</span> <span class='ocrx_word' id='word_1_212' title='bbox 702 2491 832 2556; x_wconf 91' lang='lat' dir='ltr'>hostium</span> <span class='ocrx_word' id='word_1_213' title='bbox 860 2501 1008 2575; x_wconf 82' lang='lat' dir='ltr'>praterea</span> 
     </span>
     <span class='ocr_line' id='line_1_29' title="bbox 76 2575 1009 2658; baseline 0 -20"><span class='ocrx_word' id='word_1_214' title='bbox 76 2577 184 2657; x_wconf 92' lang='lat' dir='ltr'>copias</span> <span class='ocrx_word' id='word_1_215' title='bbox 215 2575 315 2640; x_wconf 92' lang='lat' dir='ltr'>multis</span> <span class='ocrx_word' id='word_1_216' title='bbox 340 2577 467 2657; x_wconf 87' lang='lat' dir='ltr'>proeliis</span> <span class='ocrx_word' id='word_1_217' title='bbox 498 2589 568 2640; x_wconf 88' lang='lat' dir='ltr'>esse</span> <span class='ocrx_word' id='word_1_218' title='bbox 599 2575 734 2653; x_wconf 89' lang='lat' dir='ltr'>deletas,</span> <span class='ocrx_word' id='word_1_219' title='bbox 766 2575 1009 2658; x_wconf 84' lang='lat' dir='ltr'>patefactumque</span> 
     </span>
     <span class='ocr_line' id='line_1_30' title="bbox 74 2659 1008 2742; baseline -0.001 -20"><span class='ocrx_word' id='word_1_220' title='bbox 74 2660 191 2722; x_wconf 89' lang='lat' dir='ltr'>nostris</span> <span class='ocrx_word' id='word_1_221' title='bbox 215 2659 387 2742; x_wconf 78' lang='lat' dir='ltr'>legionibus</span> <span class='ocrx_word' id='word_1_222' title='bbox 418 2677 488 2722; x_wconf 89' lang='lat' dir='ltr'>esse</span> <span class='ocrx_word' id='word_1_223' title='bbox 516 2660 659 2738; x_wconf 88' lang='lat' dir='ltr'>Pontum,</span> <span class='ocrx_word' id='word_1_224' title='bbox 697 2660 747 2739; x_wconf 93' lang='lat' dir='ltr'>qui</span> <span class='ocrx_word' id='word_1_225' title='bbox 776 2666 864 2722; x_wconf 87' lang='lat' dir='ltr'>antea</span> <span class='ocrx_word' id='word_1_226' title='bbox 893 2660 1008 2742; x_wconf 90' lang='lat' dir='ltr'>populo</span> 
     </span>
     <span class='ocr_line' id='line_1_31' title="bbox 74 2741 1009 2824; baseline 0.001 -19"><span class='ocrx_word' id='word_1_227' title='bbox 74 2743 214 2805; x_wconf 84' lang='lat' dir='ltr'>Romano</span> <span class='ocrx_word' id='word_1_228' title='bbox 236 2761 276 2806; x_wconf 81' lang='lat' dir='ltr'>ex</span> <span class='ocrx_word' id='word_1_229' title='bbox 299 2742 381 2804; x_wconf 89' lang='lat' dir='ltr'>omni</span> <span class='ocrx_word' id='word_1_230' title='bbox 410 2743 491 2808; x_wconf 89' lang='lat' dir='ltr'>aditu</span> <span class='ocrx_word' id='word_1_231' title='bbox 520 2744 641 2806; x_wconf 90' lang='lat' dir='ltr'>clausus</span> <span class='ocrx_word' id='word_1_232' title='bbox 666 2741 802 2809; x_wconf 73' lang='lat' dir='ltr'>luisset⁵</span> <span class='ocrx_word' id='word_1_233' title='bbox 815 2763 824 2818; x_wconf 93' lang='lat'>;</span> <span class='ocrx_word' id='word_1_234' title='bbox 873 2742 1009 2824; x_wconf 87' lang='lat' dir='ltr'>Sinopen</span> 
     </span>
     <span class='ocr_line' id='line_1_32' title="bbox 74 2824 1094 2908; baseline 0.001 -19"><span class='ocrx_word' id='word_1_235' title='bbox 74 2833 170 2908; x_wconf 86' lang='lat' dir='ltr'>atque</span> <span class='ocrx_word' id='word_1_236' title='bbox 191 2824 344 2904; x_wconf 86' lang='lat' dir='ltr'>Amisum,</span> <span class='ocrx_word' id='word_1_237' title='bbox 387 2827 494 2908; x_wconf 85' lang='lat' dir='ltr'>quibus</span> <span class='ocrx_word' id='word_1_238' title='bbox 524 2829 556 2890; x_wconf 92' lang='lat' dir='ltr'>in</span> <span class='ocrx_word' id='word_1_239' title='bbox 588 2826 708 2908; x_wconf 87' lang='lat' dir='ltr'>oppidis</span> <span class='ocrx_word' id='word_1_240' title='bbox 739 2833 825 2890; x_wconf 91' lang='lat' dir='ltr'>erant</span> <span class='ocrx_word' id='word_1_241' title='bbox 855 2827 1009 2890; x_wconf 88' lang='lat' dir='ltr'>domicilia</span> <span class='ocrx_word' id='word_1_242' title='bbox 1091 2893 1094 2900; x_wconf 77' lang='grc'><em>,</em></span> 
     </span>
     <span class='ocr_line' id='line_1_33' title="bbox 73 2908 1009 2993; baseline 0.002 -21"><span class='ocrx_word' id='word_1_243' title='bbox 73 2911 174 2993; x_wconf 83' lang='lat' dir='ltr'>regis,</span> <span class='ocrx_word' id='word_1_244' title='bbox 202 2910 340 2972; x_wconf 90' lang='lat' dir='ltr'>omnibus</span> <span class='ocrx_word' id='word_1_245' title='bbox 361 2910 453 2972; x_wconf 92' lang='lat' dir='ltr'>rebus</span> <span class='ocrx_word' id='word_1_246' title='bbox 477 2918 598 2974; x_wconf 81' lang='lat' dir='ltr'>ornatas</span> <span class='ocrx_word' id='word_1_247' title='bbox 621 2908 709 2991; x_wconf 85' lang='lat' dir='ltr'>atque</span> <span class='ocrx_word' id='word_1_248' title='bbox 729 2910 897 2989; x_wconf 64' lang='lat' dir='ltr'>refertam,</span> <span class='ocrx_word' id='word_1_249' title='bbox 921 2918 1009 2977; x_wconf 87' lang='lat' dir='ltr'>cete-</span> 
     </span>
     <span class='ocr_line' id='line_1_34' title="bbox 72 2992 1008 3076; baseline 0 -20"><span class='ocrx_word' id='word_1_250' title='bbox 72 3011 189 3074; x_wconf 89' lang='lat' dir='ltr'>rasque</span> <span class='ocrx_word' id='word_1_251' title='bbox 222 2994 314 3056; x_wconf 92' lang='lat' dir='ltr'>urbes</span> <span class='ocrx_word' id='word_1_252' title='bbox 345 2992 433 3056; x_wconf 92' lang='lat' dir='ltr'>Ponti</span> <span class='ocrx_word' id='word_1_253' title='bbox 468 2999 498 3056; x_wconf 91' lang='lat' dir='ltr'>et</span> <span class='ocrx_word' id='word_1_254' title='bbox 524 2994 723 3076; x_wconf 85' lang='lat' dir='ltr'>Cappadociae</span> <span class='ocrx_word' id='word_1_255' title='bbox 753 2995 917 3075; x_wconf 88' lang='lat' dir='ltr'>permultas</span> <span class='ocrx_word' id='word_1_256' title='bbox 944 3011 1008 3056; x_wconf 88' lang='lat' dir='ltr'>unc</span> 
     </span>
     <span class='ocr_line' id='line_1_35' title="bbox 74 3077 1013 3160; baseline -0.002 -19"><span class='ocrx_word' id='word_1_257' title='bbox 74 3078 159 3141; x_wconf 89' lang='lat' dir='ltr'>aditu</span> <span class='ocrx_word' id='word_1_258' title='bbox 183 3077 400 3158; x_wconf 70' lang='lat' dir='ltr'>adventuquet</span> <span class='ocrx_word' id='word_1_259' title='bbox 434 3095 505 3140; x_wconf 87' lang='lat' dir='ltr'>esse</span> <span class='ocrx_word' id='word_1_260' title='bbox 528 3083 648 3160; x_wconf 85' lang='lat' dir='ltr'>captas3</span> <span class='ocrx_word' id='word_1_261' title='bbox 688 3095 811 3160; x_wconf 83' lang='lat' dir='ltr'>regern,</span> <span class='ocrx_word' id='word_1_262' title='bbox 845 3078 1013 3160; x_wconf 87' lang='lat' dir='ltr'>spoliatum</span> 
     </span>
     <span class='ocr_line' id='line_1_36' title="bbox 72 3161 1007 3246; baseline -0.002 -22"><span class='ocrx_word' id='word_1_263' title='bbox 72 3177 174 3244; x_wconf 78' lang='lat' dir='ltr'>regno</span> <span class='ocrx_word' id='word_1_264' title='bbox 197 3161 295 3242; x_wconf 89' lang='lat' dir='ltr'>patric</span> <span class='ocrx_word' id='word_1_265' title='bbox 321 3166 410 3242; x_wconf 92' lang='lat' dir='ltr'>atque</span> <span class='ocrx_word' id='word_1_266' title='bbox 433 3162 533 3240; x_wconf 89' lang='lat' dir='ltr'>avito,</span> <span class='ocrx_word' id='word_1_267' title='bbox 570 3161 607 3226; x_wconf 94' lang='lat' dir='ltr'>ad</span> <span class='ocrx_word' id='word_1_268' title='bbox 641 3161 717 3223; x_wconf 89' lang='lat' dir='ltr'>alios</span> <span class='ocrx_word' id='word_1_269' title='bbox 748 3179 783 3224; x_wconf 91' lang='lat' dir='ltr'>se</span> <span class='ocrx_word' id='word_1_270' title='bbox 804 3180 896 3246; x_wconf 83' lang='lat' dir='ltr'>reges</span> <span class='ocrx_word' id='word_1_271' title='bbox 918 3168 1007 3242; x_wconf 89' lang='lat' dir='ltr'>atque</span> 
     </span>
    </p>

    <p class='ocr_par' dir='ltr' id='par_1_14' title="bbox 73 3244 1007 3327">
     <span class='ocr_line' id='line_1_37' title="bbox 73 3244 1007 3327; baseline 0.001 -19"><span class='ocrx_word' id='word_1_272' title='bbox 73 3245 113 3308; x_wconf 90' lang='lat' dir='ltr'>ad</span> <span class='ocrx_word' id='word_1_273' title='bbox 137 3244 214 3306; x_wconf 90' lang='lat' dir='ltr'>alias</span> <span class='ocrx_word' id='word_1_274' title='bbox 235 3249 342 3326; x_wconf 82' lang='lat' dir='ltr'>gentes</span> <span class='ocrx_word' id='word_1_275' title='bbox 360 3244 528 3326; x_wconf 90' lang='lat' dir='ltr'>supplicem</span> <span class='ocrx_word' id='word_1_276' title='bbox 546 3245 728 3320; x_wconf 81' lang='lat' dir='ltr'>contulisse3</span> <span class='ocrx_word' id='word_1_277' title='bbox 751 3252 841 3327; x_wconf 88' lang='lat' dir='ltr'>atque</span> <span class='ocrx_word' id='word_1_278' title='bbox 855 3247 920 3308; x_wconf 85' lang='lat' dir='ltr'>haec</span> <span class='ocrx_word' id='word_1_279' title='bbox 937 3261 1007 3309; x_wconf 83' lang='lat' dir='ltr'>om·-</span> 
     </span>
    </p>

    <p class='ocr_par' dir='ltr' id='par_1_15' title="bbox 72 3327 1007 3494">
     <span class='ocr_line' id='line_1_38' title="bbox 72 3327 1007 3408; baseline -0.002 -18"><span class='ocrx_word' id='word_1_280' title='bbox 72 3329 124 3390; x_wconf 91' lang='lat' dir='ltr'>nia</span> <span class='ocrx_word' id='word_1_281' title='bbox 150 3328 244 3391; x_wconf 88' lang='lat' dir='ltr'>salvis</span> <span class='ocrx_word' id='word_1_282' title='bbox 264 3327 376 3408; x_wconf 71' lang='lat' dir='ltr'>populi,</span> <span class='ocrx_word' id='word_1_283' title='bbox 394 3327 636 3390; x_wconf 88' lang='lat' dir='ltr'>Romanisociis</span> <span class='ocrx_word' id='word_1_284' title='bbox 655 3334 744 3408; x_wconf 90' lang='lat' dir='ltr'>atque</span> <span class='ocrx_word' id='word_1_285' title='bbox 761 3329 823 3390; x_wconf 87' lang='lat' dir='ltr'>inte</span> <span class='ocrx_word' id='word_1_286' title='bbox 862 3329 889 3390; x_wconf 87' lang='lat' dir='ltr'>is</span> <span class='ocrx_word' id='word_1_287' title='bbox 907 3328 1007 3389; x_wconf 88' lang='lat' dir='ltr'>vecti-</span> 
     </span>
     <span class='ocr_line' id='line_1_39' title="bbox 72 3410 1005 3494; baseline -0.002 -20"><span class='ocrx_word' id='word_1_288' title='bbox 72 3411 195 3494; x_wconf 84' lang='lat' dir='ltr'>galibus</span> <span class='ocrx_word' id='word_1_289' title='bbox 217 3429 286 3474; x_wconf 91' lang='lat' dir='ltr'>esse</span> <span class='ocrx_word' id='word_1_290' title='bbox 307 3417 402 3492; x_wconf 82' lang='lat' dir='ltr'>gesta.</span> <span class='ocrx_word' id='word_1_291' title='bbox 433 3410 514 3476; x_wconf 87' lang='lat' dir='ltr'>Satis</span> <span class='ocrx_word' id='word_1_292' title='bbox 535 3411 644 3492; x_wconf 92' lang='lat' dir='ltr'>opinor</span> <span class='ocrx_word' id='word_1_293' title='bbox 661 3411 719 3472; x_wconf 92' lang='lat' dir='ltr'>boc</span> <span class='ocrx_word' id='word_1_294' title='bbox 737 3429 807 3474; x_wconf 91' lang='lat' dir='ltr'>esse</span> <span class='ocrx_word' id='word_1_295' title='bbox 838 3411 934 3488; x_wconf 84' lang='lat' dir='ltr'>audis,</span> <span class='ocrx_word' id='word_1_296' title='bbox 956 3419 1005 3473; x_wconf 84' lang='lat' dir='ltr'>at-</span> 
     </span>
    </p>

    <p class='ocr_par' dir='ltr' id='par_1_16' title="bbox 72 3491 1005 3578">
     <span class='ocr_line' id='line_1_40' title="bbox 72 3491 1005 3578; baseline -0.002 -20"><span class='ocrx_word' id='word_1_297' title='bbox 72 3513 134 3577; x_wconf 90' lang='lat' dir='ltr'>que</span> <span class='ocrx_word' id='word_1_298' title='bbox 152 3495 205 3574; x_wconf 92' lang='lat' dir='ltr'>ita,</span> <span class='ocrx_word' id='word_1_299' title='bbox 222 3494 366 3574; x_wconf 82' lang='lat' dir='ltr'>Quirites,</span> <span class='ocrx_word' id='word_1_300' title='bbox 387 3501 422 3560; x_wconf 85' lang='lat' dir='ltr'>ut</span> <span class='ocrx_word' id='word_1_301' title='bbox 437 3496 497 3558; x_wconf 92' lang='lat' dir='ltr'>hoc</span> <span class='ocrx_word' id='word_1_302' title='bbox 510 3512 566 3558; x_wconf 89' lang='lat' dir='ltr'>vos</span> <span class='ocrx_word' id='word_1_303' title='bbox 578 3491 767 3578; x_wconf 81' lang='lat' dir='ltr'>intelligatis,</span> <span class='ocrx_word' id='word_1_304' title='bbox 791 3495 907 3558; x_wconf 92' lang='lat' dir='ltr'>anullo</span> <span class='ocrx_word' id='word_1_305' title='bbox 926 3495 1005 3556; x_wconf 86' lang='lat' dir='ltr'>isto-</span> 
     </span>
    </p>
   </div>
   <div class='ocr_carea' id='block_1_7' title="bbox 74 3626 307 3640">
    <p class='ocr_par' dir='ltr' id='par_1_17' title="bbox 74 3626 307 3640">
     <span class='ocr_line' id='line_1_41' title="bbox 74 3626 307 3640; baseline 0 -2"><span class='ocrx_word' id='word_1_306' title='bbox 74 3626 307 3640; x_wconf 59' lang='lat' dir='ltr'>m</span> 
     </span>
    </p>
   </div>
   <div class='ocr_carea' id='block_1_8' title="bbox 107 3703 1004 3912">
    <p class='ocr_par' dir='ltr' id='par_1_18' title="bbox 107 3703 1004 3912">
     <span class='ocr_line' id='line_1_42' title="bbox 110 3703 1004 3771; baseline 0.001 -16"><span class='ocrx_word' id='word_1_307' title='bbox 110 3703 120 3734; x_wconf 90' lang='lat'>¹</span> <span class='ocrx_word' id='word_1_308' title='bbox 142 3703 308 3762; x_wconf 77' lang='lat' dir='ltr'>labefactata.</span> <span class='ocrx_word' id='word_1_309' title='bbox 347 3703 412 3757; x_wconf 75' lang='lat' dir='ltr'>’lt</span> <span class='ocrx_word' id='word_1_310' title='bbox 430 3704 486 3762; x_wconf 73' lang='lat' dir='ltr'>alii.</span> <span class='ocrx_word' id='word_1_311' title='bbox 509 3730 544 3742; x_wconf 88' lang='grc'><strong>-</strong></span> <span class='ocrx_word' id='word_1_312' title='bbox 563 3719 615 3756; x_wconf 83' lang='grc' dir='ltr'>οιιι.</span> <span class='ocrx_word' id='word_1_313' title='bbox 635 3703 786 3756; x_wconf 74' lang='lat' dir='ltr'>coniuncta.</span> <span class='ocrx_word' id='word_1_314' title='bbox 828 3703 840 3736; x_wconf 76' lang='lat'><strong>¹</strong></span> <span class='ocrx_word' id='word_1_315' title='bbox 861 3705 1004 3771; x_wconf 83' lang='lat' dir='ltr'>sapientis-</span> 
     </span>
     <span class='ocr_line' id='line_1_43' title="bbox 107 3771 1001 3837; baseline 0.002 -11"><span class='ocrx_word' id='word_1_316' title='bbox 107 3775 183 3826; x_wconf 84' lang='lat' dir='ltr'>simo.</span> <span class='ocrx_word' id='word_1_317' title='bbox 232 3771 378 3837; x_wconf 80' lang='lat' dir='ltr'>⁴[fuissel.</span> <span class='ocrx_word' id='word_1_318' title='bbox 423 3775 485 3826; x_wconf 64' lang='grc' dir='ltr'>Ἐἴ</span> <span class='ocrx_word' id='word_1_319' title='bbox 503 3796 538 3812; x_wconf 75' lang='lat'>-</span> <span class='ocrx_word' id='word_1_320' title='bbox 558 3781 638 3828; x_wconf 86' lang='lat' dir='ltr'>esset.</span> <span class='ocrx_word' id='word_1_321' title='bbox 680 3771 701 3810; x_wconf 61' lang='grc' dir='ltr'>-θ</span> <span class='ocrx_word' id='word_1_322' title='bbox 721 3771 839 3834; x_wconf 77' lang='lat' dir='ltr'>E.„alii.</span> <span class='ocrx_word' id='word_1_323' title='bbox 857 3799 892 3810; x_wconf 92' lang='lat'>-—</span> <span class='ocrx_word' id='word_1_324' title='bbox 911 3785 1001 3828; x_wconf 90' lang='lat' dir='ltr'>ornata</span> 
     </span>
     <span class='ocr_line' id='line_1_44' title="bbox 107 3831 801 3912; baseline 0 -16"><span class='ocrx_word' id='word_1_325' title='bbox 107 3853 186 3912; x_wconf 84' lang='lat' dir='ltr'>atque</span> <span class='ocrx_word' id='word_1_326' title='bbox 204 3831 308 3902; x_wconf 63' lang='lat' dir='ltr'>referta.</span> <span class='ocrx_word' id='word_1_327' title='bbox 359 3844 370 3875; x_wconf 84' lang='lat'><strong><em>⁷</em></strong></span> <span class='ocrx_word' id='word_1_328' title='bbox 389 3843 430 3910; x_wconf 76' lang='lat' dir='ltr'>E,</span> <span class='ocrx_word' id='word_1_329' title='bbox 450 3845 505 3898; x_wconf 76' lang='lat' dir='ltr'>atti.</span> <span class='ocrx_word' id='word_1_330' title='bbox 524 3870 559 3882; x_wconf 91' lang='lat'><em>-</em></span> <span class='ocrx_word' id='word_1_331' title='bbox 578 3852 657 3910; x_wconf 85' lang='lat' dir='ltr'>atqua</span> <span class='ocrx_word' id='word_1_332' title='bbox 677 3843 801 3897; x_wconf 77' lang='lat' dir='ltr'>adventu.</span> 
     </span>
    </p>
   </div>
   <div class='ocr_carea' id='block_1_9' title="bbox 0 0 1252 4314">
    <p class='ocr_par' dir='ltr' id='par_1_19' title="bbox 0 0 1252 4314">
     <span class='ocr_line' id='line_1_45' title="bbox 0 0 1252 4314; baseline 0 5"><span class='ocrx_word' id='word_1_333' title='bbox 0 0 1252 4314; x_wconf 95' lang='lat' dir='ltr'> </span> 
     </span>
    </p>
   </div>
  </div>
 </body>
</html>
