2468 4318
250 221 300 274 lto
592 213 826 271 canuto

250 395 349 458 tamen
369 387 488 454 lortitar
512 389 704 454 iudicaturos.
751 387 855 471 ltaque
884 387 999 474 delegit
1019 393 1039 455 e
1058 389 1185 456 doren-

148 467 155 484 “
250 478 375 542 tlssimis
394 473 550 538 ordinibus
571 476 639 556 ipsa
661 472 782 537 lumina.
827 471 934 554 Neque
961 491 1055 554 vero,
1097 478 1185 558 quod

251 556 388 625 nonnulli
408 559 551 636 dictitant,
576 559 706 621 secrevit
722 558 759 618 in
775 555 924 620 iudicibus
941 557 1081 640 legendis
1101 562 1186 623 arni-

251 658 306 708 oos
322 649 417 706 meos.
458 641 565 723 Neque
583 643 662 703 enim
677 641 736 703 hoc
758 641 900 722 cogitavit
917 642 965 703 vir
983 643 1186 722 iustissimus,

236 728 352 810 'lneque
380 727 411 787 in
436 725 526 787 bonis
555 727 629 788 rir'is
653 724 792 808 legendis
814 723 845 785 id
871 726 993 807 assequi
1016 728 1186 808 potuisset,

251 807 371 878 etiamsi
393 810 536 891 cupisset.
581 807 649 870 Non
671 809 750 870 enim
776 825 843 869 mea
865 809 963 890 gratia
985 808 1186 872 familiarita-

251 895 331 956 tibus
352 895 531 971 continetur,
560 909 627 973 quae
649 892 709 954 late
729 897 834 973 patere
854 909 916 953 non
937 899 1075 973 possunt,
1101 911 1186 975 pro-

251 983 356 1060 pterea
380 976 462 1058 quod
483 974 718 1052 consuetudines
740 975 837 1036 victus
859 992 921 1036 non
947 979 1077 1057 possunt
1110 977 1186 1038 esse

251 1077 319 1124 cum
333 1062 449 1135 multis3
474 1059 539 1136 sed,
563 1061 590 1121 si
608 1059 679 1140 quid
696 1074 867 1139 possumus,
892 1075 931 1120 ex
948 1075 986 1120 co
1002 1076 1185 1142 possumus,

251 1145 334 1228 quod
355 1159 406 1206 res
428 1141 629 1226 publicanos
651 1142 807 1204 coniunxit
828 1141 1019 1218 cumbonis3
1041 1160 1083 1204 ex
1108 1146 1185 1224 qui-

250 1227 307 1292 bus
330 1226 382 1290 ille
404 1244 495 1308 quum
517 1226 647 1308 optimos
670 1226 753 1287 viros
775 1223 904 1308 legeret,
931 1225 1022 1306 idque
1046 1228 1185 1289 maxime

172 1317 189 1328 ''
251 1308 290 1374 td
314 1305 403 1374 iidem
434 1326 519 1372 suam
552 1309 707 1390 pertinere
735 1308 948 1386 arbitraretur,
987 1326 1049 1372 non
1082 1311 1185 1392 potuit

204 1388 357 1478 ablegare
378 1410 440 1455 non
464 1392 616 1455 studiosos
638 1392 707 1453 mei.
751 1389 839 1464 Quod
853 1409 927 1456 vero
942 1397 982 1470 te,
1003 1391 1038 1454 L.
1053 1392 1184 1471 Domiti,

250 1471 322 1541 h‘uic
343 1477 502 1559 questioni
520 1491 654 1557 preesse
675 1477 804 1537 maxime
826 1474 931 1554 voluit,
962 1475 1038 1537 nibil
1060 1479 1184 1556 quasi-

250 1563 293 1624 rit
315 1560 416 1638 aliud,
446 1560 507 1622 nisi
528 1560 688 1636 iustitiam,
722 1559 918 1641 gravitatem,
951 1558 1183 1637 humanitatem,

249 1641 348 1708 fidem.
444 1643 493 1720 lit,
520 1647 553 1704 ut
574 1643 764 1704 consularem
785 1659 914 1705 neeesse
936 1649 1035 1716 esset;
1072 1644 1184 1719 credo,

250 1725 332 1810 quod
363 1747 382 1809 p
451 1727 532 1807 ipum
561 1743 669 1788 munus
703 1744 772 1788 esse
807 1719 934 1788 duceb'at
967 1725 1116 1789 resistere
1150 1733 1185 1788 et

251 1811 363 1874 levitati
396 1807 593 1878 multitudinis
626 1814 656 1870 et
688 1809 873 1890 perditorum
906 1809 1073 1872 temeritati.
1132 1810 1183 1871 Ex

251 1892 462 1956 consularibus
485 1899 515 1954 te
538 1893 653 1954 meavit
674 1893 873 1973 potissimum.
919 1891 1055 1956 Dederas
1086 1894 1183 1972 enim,

251 1995 340 2061 quam
366 1983 577 2039 contemneres
598 1975 761 2057 populares
782 1975 927 2054 insanias,
957 1978 1015 2038 iam
1037 1975 1074 2038 ab
1100 1977 1184 2040 ado-

162 2048 187 2118 9
204 2061 397 2125 ²³lescentia
417 2055 595 2120 documenta
616 2061 754 2121 maxima.
801 2059 1020 2138 Quamobrem,
1046 2060 1183 2142 iudices,

250 2151 283 2207 ut
306 2141 467 2224 aliquando
491 2140 527 2204 ad
550 2145 670 2205 causam
691 2143 865 2224 crimenque
886 2144 1051 2222 veniamur,
1075 2145 1104 2206 si
1119 2163 1183 2206 ne-

250 2244 311 2309 que
332 2227 430 2290 omnis
452 2225 606 2289 confessio
636 2225 707 2288 lacti
738 2233 785 2289 est
812 2227 969 2304 inusitata,
1005 2245 1108 2308 neque
1140 2227 1183 2289 de

250 2327 343 2374 causa
363 2316 469 2372 nostra
491 2309 679 2392 quidquam¹
708 2311 812 2386 aliter,
836 2328 871 2372 ac
893 2327 949 2372 nos
969 2309 1138 2388 vellemus,
1164 2330 1184 2374 a
1232 2361 1233 2384 ,

248 2399 357 2459 senatu
377 2393 539 2456 iudicatum
562 2398 620 2470 est,
637 2398 667 2454 et
687 2392 765 2455 lator
785 2393 851 2474 ipse
873 2393 963 2475 legis,
986 2411 1076 2473 quum
1095 2393 1185 2456 esset

249 2477 459 2542 controversia
479 2476 563 2538 nulla
585 2475 674 2553 lacti,
706 2477 781 2539 iuris
805 2484 904 2538 tamen
928 2476 1183 2559 disceptationem

249 2579 320 2624 esso
342 2562 456 2640 voluit,
492 2565 522 2622 ct
544 2566 567 2634 †
588 2559 676 2621 electi
696 2559 841 2706 'amcos’
879 2559 966 2640 isque
994 2561 1183 2641 praepositus

248 2646 417 2725 quaestioni,
440 2644 491 2725 qui
512 2642 577 2704 baec
597 2643 675 2706 iuste
730 2644 910 2724 pienlerque
932 2643 1091 2725 disceptet,
1120 2663 1181 2706 re-

247 2729 363 2809 liquum
395 2734 460 2801 cst,
498 2726 633 2805 iudices,
668 2733 702 2789 ut
723 2727 797 2789 nibil
820 2728 880 2790 iam
903 2743 1040 2808 quarere
1064 2727 1179 2790 aliud³

248 2811 394 2889 debeatis,
423 2809 492 2894 nisi,
522 2817 591 2871 uter
613 2811 671 2872 utri
692 2811 816 2873 insidias
837 2809 953 2872 lecerit.
1002 2810 1092 2883 Quod
1116 2829 1180 2892 quo
1231 2805 1232 2865 l

246 2893 368 2957 lacilius
391 2893 575 2976 argumentis
597 2894 775 2975 perspicere
795 2893 939 2975 possitis,
970 2911 1035 2954 rem
1057 2899 1180 2976 gestam

246 2975 334 3038 vobis
360 2976 430 3040 dom
452 2977 586 3040 breuiter
609 2994 751 3059 expono,
785 2994 907 3061 queso,
942 2975 1108 3060 diligenter
1128 2984 1180 3038 at·
1230 3049 1231 3056 χ

200 3059 370 3210 Mteudrtp:
383 3139 507 3206 Clodius
524 3161 615 3225 quum
637 3145 790 3207 statuisset
804 3144 885 3205 omni
907 3143 1027 3207 scelere
1044 3141 1075 3203 in
1092 3159 1180 3223 prae-

246 3232 314 3298 tura
334 3243 447 3290 vexare
468 3228 711 3308 rempublicam,
733 3228 911 3308 videretque
933 3227 973 3289 ita
993 3231 1087 3288 tracta
1105 3245 1180 3288 esse

245 3310 367 3375 comitia
388 3326 466 3372 aono
488 3311 659 3392 superiore,
682 3317 795 3374 utnon
816 3312 927 3374 multos
948 3327 1069 3371 menses
1091 3327 1179 3391 prae-

243 3389 342 3456 luram
362 3410 474 3476 gerere
491 3399 607 3474 posset,
641 3395 775 3476 quinon
799 3393 926 3457 honoris
945 3393 1072 3476 gradum
1099 3411 1179 3472 spe-
1229 3443 1230 3470 f

245 3481 357 3556 ctaret,
385 3482 417 3539 ut
436 3478 546 3555 ceteri,
577 3475 632 3540 sed
655 3483 684 3538 et
704 3476 738 3539 L.
757 3476 892 3540 Paullum
916 3477 1066 3560 collegam
1092 3476 1178 3537 ellu-

245 3565 322 3641 gere
343 3557 445 3637 vellet,
469 3560 617 3647 singulari
642 3561 750 3626 virtute
775 3561 883 3640 civem,
906 3567 937 3624 et
958 3577 1068 3624 annum
1089 3560 1178 3622 inte-

243 3685 476 3709 ———-···-r-

283 3751 292 3784 ¹
313 3753 345 3804 Ε.
363 3779 397 3795 ·-
415 3755 523 3822 quidqu.
541 3763 636 3810 nocua.
673 3758 687 3790 ³
708 3757 737 3809 F.
758 3765 784 3808 et
807 3758 870 3810 lecti
888 3757 989 3824 iudicer
1010 3765 1069 3810 suut
1086 3757 1174 3823 ioque.

280 3818 293 3849 ³
314 3821 345 3872 Ε.
367 3847 399 3863 -
418 3825 487 3876 aliud
506 3840 586 3889 quaer.
