2468 4318
215 251 306 308 nuo
331 251 365 307 r.
392 237 544 310 ambro
568 249 759 308 mineus.
899 253 951 308 res

44 427 130 490 servis
151 423 271 490 Milonis
302 427 333 488 in
364 424 542 509 Appiaria
571 423 603 485 Ρ.
633 421 771 486 Clodium
803 421 950 487 confiteri.

43 511 108 584 Quid
128 525 203 592 opus
227 515 273 572 est
292 509 432 572 tortore?
465 509 543 583 Quid
567 507 702 589 quaeris?
731 506 950 570 Occideritne‘t

42 594 151 658 Occidit
192 593 261 655 lure
284 611 322 656 en
342 594 480 656 iniuria?
514 591 596 654 Nihil
620 591 657 653 ad
680 597 835 653 tortorem.
868 591 950 653 Facti

42 679 158 740 enimin
180 678 287 739 eculeo
309 679 435 759 qdaestio
459 682 515 754 est,
545 676 620 738 iuris
643 676 674 738 111
695 675 817 736 iudicio.
861 674 951 748 Quod

40 762 122 842 igitur
146 761 177 822 in
209 776 301 823 causa
332 761 524 842 quaerendum
554 763 618 836 est,
664 759 694 820 id
723 775 848 842 agamus
884 759 950 834 bier

41 845 110 924 quod
129 839 285 907 tormentis
303 845 515 921 invenireris,
543 842 573 904 id
589 841 726 905 fatemur.
768 842 859 905 Manu
874 845 951 904 uero

42 945 88 988 cur
105 929 235 1006 miserit,
266 928 293 990 si
317 928 348 989 id
369 928 470 1008 potius
492 927 621 1008 quaeris,
653 925 741 1006 quum
766 943 821 988 cur
844 943 950 1007 parum

42 1011 133 1092 amplis
154 1011 290 1074 affecerit
310 1011 460 1091 praemiis,
487 1010 597 1088 xnescis
624 1009 737 1072 inimici
761 1008 871 1071 iactum
894 1027 950 1072 re-

41 1095 223 1174 prehendere.
271 1094 354 1156 Dixit
376 1095 455 1155 enim
474 1094 524 1157 hic
547 1093 638 1169 idem,
667 1093 718 1174 qui
742 1094 842 1154 omnia
866 1107 998 1164 sem-aa
1059 1143 1079 1170 „.
1107 1131 1111 1144 ·

41 1195 88 1257 per
109 1183 281 1242 constanter
305 1183 335 1239 ct
356 1176 495 1257 fortiter,
528 1176 567 1239 Μ.
599 1175 691 1255 Cato,
725 1181 755 1237 et
783 1175 882 1239 dixit¹
919 1178 951 1238 in

42 1261 193 1324 turbulenta
220 1261 381 1339 contione,
426 1277 492 1342 quae
517 1267 624 1330 tamen
653 1260 742 1322 buius
776 1261 951 1323 auctoritate

42 1343 144 1424 placata
165 1352 221 1422 est,
244 1363 306 1407 non
326 1345 464 1406 libertate
484 1345 592 1423 solum,
623 1345 677 1408 scd
699 1346 788 1406 etiam
812 1345 952 1406 omnibus
1075 1375 1084 1388 ·

42 1429 156 1506 premiis
179 1429 377 1512 dignissimos
392 1425 499 1505 fuisse,
524 1429 575 1509 qui
597 1428 710 1491 domini
731 1432 820 1509 caput
841 1427 952 1489 desen-

42 1509 151 1573 dissent.
216 1511 306 1585 Quod
338 1513 417 1574 enim
447 1513 602 1594 praemium
633 1513 705 1573 satis
734 1527 877 1594 maguum
905 1515 953 1573 est

42 1597 92 1654 tam
112 1595 279 1672 benevolis
303 1601 362 1657 tam
381 1595 481 1672 bools,
504 1600 563 1656 tam
584 1593 722 1656 fidelibus
743 1594 852 1669 servis,
874 1610 953 1678 pro-

42 1681 99 1755 pter
133 1697 209 1759 quos
236 1678 340 1741 'vivi‘t‘t
392 1678 455 1740 Etsi
485 1678 516 1741 id
547 1677 668 1759 quidem
697 1694 759 1738 non
789 1679 861 1738 tanti
892 1683 952 1753 est,

43 1775 116 1838 quam
140 1763 220 1844 quod
243 1768 369 1845 propter
398 1757 523 1823 eosdem
554 1778 616 1823 non
645 1761 794 1842 sanguine
823 1765 853 1821 et
881 1759 952 1822 vul-

41 1845 149 1907 neribus
177 1847 241 1909 suis
265 1845 465 1912 crudelissimi
492 1845 606 1907 inimici
629 1850 758 1906 mentem
783 1844 971 1924 oculosque.

42 1928 153 1990 satiavit.
201 1930 287 2003 Quos
313 1930 372 1992 nisi
401 1929 642 2006 manumisisset,
676 1928 832 1990 tormentis
863 1928 951 1989 etiam

42 2007 156 2074 dedendi
178 2012 301 2075 fuerumt
320 2019 552 2075 conservatores
576 2011 707 2090 domini,
742 2011 856 2073 ultores
878 2029 952 2073 soe-

42 2090 121 2172 leris,
153 2096 332 2158 defensores
360 2097 453 2158 necis.
510 2095 566 2158 Hic
597 2113 671 2158 vero
701 2094 776 2156 nihii
807 2094 897 2156 babet
919 2095 952 2156 im

42 2171 81 2236 bis
101 2179 192 2258 maiis,
215 2179 416 2261 quodminus
439 2179 566 2241 moleste
589 2178 682 2257 ierat,'
701 2196 800 2259 quam,
835 2178 952 2241 etiamsi

43 2259 102 2336 quid
116 2262 173 2343 ipsi
193 2262 318 2339 accidat,
343 2280 413 2325 esse
435 2267 536 2324 tamen
557 2263 617 2325 illis
639 2264 776 2325 meritum
797 2264 952 2343 praemiem

42 2345 221 2420 persolutum.
271 2345 331 2410 Sed
359 2347 542 2428 questiones
563 2353 674 2427 urgent
695 2345 854 2424 Milonem,
886 2361 999 2432 quaeso

43 2433 101 2488 sunt
128 2428 235 2493 habitae
265 2447 345 2492 nunc
376 2432 406 2491 in
437 2431 512 2491 atrio
545 2429 714 2500 Libertatis.
765 2429 952 2502 Quibusnam

43 2506 73 2567 dc
92 2514 210 2576 servis?
243 2513 372 2596 Rogas?
401 2513 447 2575 De
465 2512 496 2573 P.
520 2511 628 2574 Clodii.
672 2511 747 2585 Quis
766 2530 821 2574 eos
842 2519 953 2594 postu-

45 2588 127 2656 lavit?
168 2597 296 2680 Appius.
341 2595 414 2669 Quis
446 2595 618 2679 produxit?
652 2596 794 2678 'Appius
841 2594 952 2656 Unde?

43 2672 81 2736 bb
107 2677 215 2762 Appio.
258 2679 296 2742 Di
328 2679 418 2742 bonit
466 2680 537 2761 quid
566 2683 668 2762 potest
702 2679 753 2762 agi
787 2677 953 2741 severius?

43 2753 81 2818 De
110 2765 204 2826 servis
241 2764 323 2826 nulia
356 2764 426 2825 lee
457 2764 581 2844 quaesno
616 2769 663 2825 est
696 2765 728 2826 in
761 2763 955 2842 dominumss,

44 2841 92 2902 oisi
113 2845 148 2906 de
169 2847 296 2924 incestu,
328 2853 362 2910 ut
382 2783 439 2909 {ab
461 2848 492 2908 in
518 2846 665 2909 Clodium.
713 2846 854 2909 Proxime
870 2845 954 2922 deos

45 2929 159 2990 accessit
180 2929 315 3007 Clodius,
344 2933 470 3014 propius
493 2948 582 3011 quam
605 2937 677 3008 tum,
699 2947 788 3012 quum
809 2929 846 2992 ad
868 2929 954 3012 ipsos

45 3017 221 3100 penetrarat,
253 3015 338 3078 cuius
361 3014 399 3075 de
421 3021 518 3076 morte
540 3020 689 3094 tamquam
711 3014 750 3075 de
773 3014 955 3076 cerimoniis

45 3091 150 3156 vrolatis
170 3099 320 3178 queritur.
363 3095 424 3160 Scd
445 3103 544 3159 tamen
567 3098 699 3160 maiores
720 3097 817 3159 nostri
842 3098 873 3159 in
895 3097 954 3158 do-

47 3173 143 3239 minum
166 3181 218 3256 [de
238 3182 369 3256 servo]³
396 3181 488 3261 quaeri
514 3179 686 3258 noluerunt,
710 3199 772 3243 non
797 3181 867 3262 quia
893 3197 956 3241 non

46 3267 137 3330 posset
156 3281 259 3328 verum
281 3263 422 3342 inveniri,
450 3263 505 3326 sed
529 3266 600 3345 quia
622 3263 779 3329 videbatur
800 3263 956 3344 indignum

48 3341 72 3394 eb
89 3340 210 3410 dominis
231 3352 329 3411 morte
350 3348 417 3429 ipsa
441 3348 564 3409 tristius.
608 3343 642 3410 ln
664 3366 750 3410 reum
776 3348 814 3409 de
836 3345 955 3409 servo*

48 3433 216 3494 accusatoris
238 3449 328 3512 quum
349 3431 511 3512 quaeritur,
546 3446 651 3492 verum
678 3431 806 3494 inveniri
830 3425 956 3511 potest?

49 3501 106 3585 Age
128 3530 215 3592 uero,
247 3531 314 3596 quae
337 3520 403 3576 erat
425 3521 477 3576 aut
500 3514 597 3596 qualis
620 3515 770 3595 questio?
808 3512 890 3575 Heus
914 3517 1004 3588 tum

48 3581 139 3672 Rufio,
172 3598 257 3661 uerbi
290 3615 400 3678 causa,
439 3615 513 3660 cave
546 3599 590 3662 sis
619 3601 773 3661 mentiare.
831 3594 957 3672 Clodius

50 3715 263 3740 κ...-

81 3783 140 3882 :ii
159 3791 231 3860 Cato,
251 3798 375 3864 dixitque.
414 3794 577 3848 ’uo-inor.
617 3795 697 3847 ⁸carr.
716 3791 860 3846 E.-sr'oe
877 3794 960 3847 amois.

112 3862 178 3916 codd.
197 3863 305 3931 (11.3.)
325 3892 358 3904 -
384 3868 474 3917 servir.
916 3869 920 3874 ’
