2490 4316
181 245 184 254 ¹
251 249 340 306 rao
370 235 500 311 aneu
520 251 788 336 -unrorxao
939 255 1019 309 ror'

19 455 21 460 -
78 426 183 484 aventon
207 428 304 502 esset,
346 425 387 487 ibi
420 425 550 510 cogitata
578 423 746 508 perliceret.
798 423 866 487 Non
897 421 987 490 rideo

76 522 182 568 causam
202 507 332 590 mutandi
358 508 449 587 looi¹,
471 509 526 571 sed
543 517 642 592 tamen
667 515 803 572 actores
825 509 1001 572 criminose

76 593 123 648 cst
167 588 277 668 Quum,
302 592 418 672 inquit,
441 610 565 654 uomere
590 599 661 674 post
681 609 807 655 coenam
827 597 884 654 tc²
906 592 988 656 velle

75 671 201 750 dixisses,
225 674 256 736 in
276 673 416 738 balneum
437 682 467 738 te
486 676 601 738 ducere
623 682 807 758 coepemnt3
841 675 883 737 ibi
907 677 988 738 euim

74 762 148 817 eraut
167 757 289 834 insidiae.
332 759 422 820 Alte
443 757 549 821 eadem
571 759 647 821 tua⁸
684 759 805 822 fortuna
835 760 987 834 servarim

74 839 100 898 in
118 839 249 901 cubiculo
266 840 374 904 malle⁴
398 842 510 904 dixisti.
552 841 601 904 Dii
620 849 650 905 te
668 843 820 924 perduint,
842 841 988 924 fugitive!

74 922 107 982 ita
125 939 181 984 non
201 923 290 985 modo
312 943 441 1006 nequam
463 932 494 994 et
514 926 681 1008 imprqbus,
705 925 760 988 sed
781 926 870 988 etiam
887 924 988 988 saluas

73 1009 97 1063 et
123 1023 219 1069 amens
245 1025 289 1070 es.
340 1007 443 1081 Quid?
489 1009 542 1071 ille
575 1009 664 1091 signa
691 1026 776 1071 aenea
804 1009 835 1071 in
868 1008 987 1072 insidiis
1038 1065 1042 1073 .

72 1095 208 1167 posuerat,
239 1108 306 1172 quae
328 1092 474 1154 ebalueo
496 1093 527 1155 in
551 1091 902 1155 cubiculumtransserri
923 1108 988 1154 nou

70 1172 206 1250 possent?
248 1173 349 1236 Habes
385 1175 510 1238 erimina
545 1175 741 1251 insidiamm3
793 1175 868 1238 nibil
906 1175 988 1237 enim

71 1253 135 1315 dixit
154 1257 288 1337 amplius.
332 1256 454 1335 Homm,
479 1259 584 1340 inquit,
605 1278 688 1323 eram
712 1260 863 1322 conscius.
905 1256 987 1330 Quid

71 1337 145 1398 tum?
186 1341 226 1402 ita
247 1341 301 1403 ille
323 1339 473 1404 demens⁶
511 1349 592 1421 erat,
623 1349 656 1406 ut
677 1361 767 1422 eum,
802 1358 891 1424 quem
912 1341 987 1402 tanti

70 1421 182 1485 sceleris
205 1425 385 1486 conscium⁶
409 1425 571 1504 baberet⁷‚
604 1441 677 1488 ase
696 1424 885 1487 dimitteret?
919 1423 985 1487 uo-
1091 1450 1100 1472 ·

69 1521 135 1565 ruam
158 1507 244 1569 etiam
267 1508 407 1584 mitteret,
430 1507 481 1570 ubi
501 1513 531 1570 et
552 1509 790 1570 inimicissimum
807 1509 899 1570 sciret
916 1525 987 1570 esse

69 1593 195 1668 nepotem
216 1608 304 1654 suum
326 1597 358 1653 et
379 1591 412 1653 G.
436 1589 603 1668 Caesarem,
634 1585 693 1652 cui*
706 1590 830 1652 fecisset
848 1590 986 1668 insidias,

68 1675 219 1750 presertim
244 1692 336 1756 quum
358 1675 386 1736 is
409 1691 487 1737 unus
512 1681 611 1752 esset,
646 1674 698 1756 qui
718 1678 835 1755 posset
863 1673 901 1736 de
927 1673 985 1735 ab·

67 1761 142 1816 sente
160 1774 194 1818 se
214 1757 378 1820 iudicare?
420 1758 457 1819 Ei
484 1755 720 1838 iratresmeos,
754 1756 868 1840 iuquit,
902 1754 1031 1839 quoda

67 1844 142 1900 eraut
162 1841 294 1918 conscii,
317 1841 348 1902 in
370 1841 490 1903 vincula
511 1841 652 1903 coniecit.
696 1840 793 1913 Quum
815 1841 908 1922 igitur
929 1856 984 1902 eos

67 1921 195 2002 vinciret,
231 1939 310 2006 quos
341 1929 445 1986 'seeum
477 1924 626 2002 babebat,
656 1930 686 1986 te
707 1924 839 1987 solutum
859 1919 985 1986 Romam

66 2005 196 2083 mittebat,
221 2007 273 2090 qui
296 2007 401 2069 eadem
422 2007 529 2086 scires,
551 2007 710 2088 qumillos
731 2007 812 2070 scire
835 2007 938 2070 dicis?

144 2089 270 2173 Reliqua
292 2109 362 2171 pars
384 2093 585 2154 accusationis
608 2090 721 2174 duplex
741 2089 808 2169 fuit,
837 2109 908 2165 una,
929 2108 984 2152 re·
1047 2076 1074 2148 8

66 2187 126 2252 gem
149 2192 269 2257 semper
293 2175 323 2236 in
345 2175 479 2256 speculis
500 2174 617 2253 luisse,
657 2189 747 2256 quum
778 2193 796 2236 a
827 2180 857 2236 le
884 2174 984 2237 animo

66 2262 138 2317 esset
157 2259 277 2335 alieno,
308 2257 422 2335 altera,
456 2259 620 2321 exercitum
646 2275 715 2320 eum
739 2263 843 2326 contra
866 2264 896 2320 ie
917 2275 985 2320 ma-

65 2355 147 2418 gnum
167 2357 372 2424 comparasse.
417 2341 463 2404 De
482 2341 619 2404 exercitu
641 2341 737 2403 dicam
766 2340 920 2417 breviter,
951 2347 987 2403 at

65 2428 165 2487 cetera.
209 2425 379 2505 Numquam
403 2425 582 2506 eoseopias
606 2441 663 2486 rex
686 2423 847 2486 Deiotarus
867 2423 986 2501 babuit,
1014 2425 1050 2468 ν’

65 2506 162 2583 quibus
185 2509 300 2573 inferre
324 2507 435 2572 bellum
459 2508 573 2590 populo
606 2507 742 2569 Romano
770 2511 893 2588 posset,
928 2505 985 2569 sed
1072 2569 1075 2578 ,

65 2589 162 2666 quibas
183 2590 258 2654 fiaes
280 2608 354 2655 suos
377 2590 413 2654 ab
436 2592 666 2654 excursionibus
688 2596 717 2652 et
737 2589 905 2652 latrociniis
924 2587 986 2651 ho-

65 2673 163 2736 stium⁸
187 2681 322 2738 tueretur
343 2682 374 2737 et
396 2674 625 2758 imperatoribus
647 2675 759 2760 nostris
780 2673 892 2736 auxilia
913 2673 986 2736 mit-

65 2758 141 2820 teret.
204 2761 307 2842 Atque
338 2765 425 2822 autea
455 2759 576 2841 quidem
604 2758 735 2820 maiores
766 2757 871 2838 copies
902 2756 985 2818 alere

64 2835 181 2920 poterat,
202 2859 283 2906 nuuc
305 2843 431 2924 exiguas
455 2843 506 2904 vix
529 2842 607 2903 tueri
627 2845 737 2921 potest.
784 2839 824 2902 at
844 2839 926 2902 misit
948 2838 1030 2906 adas
1143 2917 1146 2920 ,
1172 2854 1175 2861 “

65 2919 218 3003 cecilium,
232 2926 348 2988 brescio
370 2944 478 3007 quem;
519 2923 660 3002 sedeas,
685 2941 761 3006 quos
783 2924 874 3001 misit,
903 2921 986 3004 quod
1071 2997 1077 3010 Ι

64 3003 104 3066 ire
121 3009 291 3082 noluerunt,
313 3011 344 3070 in
362 3011 482 3074 vincula
502 3008 641 3070 coniecit.
675 3005 743 3068 Non
761 3022 875 3088 quaero,
896 3023 986 3089 quam

65 3081 129 3156 v'eri
142 3092 240 3180 simile
261 3093 320 3170 sit,
343 3099 475 3156 autnon
499 3092 641 3153 habuisse
663 3093 794 3172 regem,-
811 3108 888 3172 quos
910 3091 984 3151 mit-

64 3175 143 3252 teret,
165 3181 301 3253 auleas,
326 3193 402 3257 quos
425 3177 568 3252 misisset,
589 3192 652 3236 non
672 3174 822 3255 paruisse,
848 3181 907 3250 aut,
931 3172 1009 3254 qui'

65 3251 136 3319 dicto
160 3259 319 3322 audientes
339 3261 370 3322 iu
391 3266 472 3323 tante
495 3277 529 3321 re
550 3274 611 3320 uon
627 3257 767 3337 luissent,
789 3274 844 3320 eos
864 3257 983 3319 vinctos

64 3340 264 3424 potiusquam
288 3349 413 3407 necatos
426 3345 459 3405 le
493 3340 567 3428 ¹Sed
588 3347 686 3405 tamen
709 3359 799 3424 quum
823 3338 862 3402 ad
883 3336 983 3401 ceci-

63 3484 283 3507 Μ

98 3579 106 3610 ¹
127 3581 197 3634 codd.
218 3580 280 3650 (E.)
298 3607 333 3622 -
351 3583 404 3638 loci
422 3593 484 3639 mut·
530 3584 544 3618 ¹
568 3584 640 3638 codd.
659 3577 722 3650 (E.)
741 3604 773 3618 -
792 3586 818 3632 le
837 3585 897 3646 post
915 3593 982 3646 cue-

93 3665 157 3702 aam.
203 3651 215 3684 ³
236 3655 331 3707 eadem
352 3663 396 3708 tua
415 3657 467 3708 illa.
517 3656 531 3689 ⁴
551 3655 594 3718 H,
612 3657 698 3721 oestiq.
712 3651 849 3734 maltqram
867 3646 937 3715 (cdl.
955 3650 982 3700 in

93 3719 239 3776 cubiculum
251 3724 329 3778 malle
340 3723 403 3792 etc.)
419 3751 453 3771 -.
462 3723 490 3778 in
501 3725 650 3778 cubiculum
661 3732 687 3776 te
700 3725 737 3774 ire
750 3719 838 3774 malle.
875 3718 888 3750 ⁸
909 3717 982 3770 codd.

93 3789 150 3852 (ἃ)
172 3816 208 3828 -·-
226 3795 295 3848 dem.
313 3794 367 3846 tlte.
425 3796 438 3828 ⁸
460 3796 532 3848 codd.
561 3791 622 3861 (E.)
642 3802 683 3834 ¹-
710 3808 800 3845 coasc.
824 3798 841 3840 t.
868 3788 982 3860 sceleris

95 3857 106 3886 '
125 3859 244 3918 babebat.
282 3866 295 3898 ⁰
314 3881 413 3920 excors
434 3866 547 3920 hostium
564 3865 658 3920 etiatr.
698 3864 710 3896 ⁹
729 3869 839 3916 necatas
863 3856 979 3924 [loiseel.

603 4060 611 4089 l

652 4219 659 4258 i
