2490 4316
133 231 136 246 ⁴
254 217 835 332 rnrurrrrcssucurdnn.'
928 241 981 293 aas

65 413 130 478 mibi
156 412 333 496 apposuisse
362 411 486 492 videar,
527 412 579 493 qui
607 429 657 476 me
684 428 746 476 non
776 412 978 496 colummers
1094 445 1097 452 λ

66 495 193 560 laudibus
222 503 360 575 ornaret,
401 496 457 560 sed
487 495 578 558 etiam
607 497 751 560 alienis¹.
799 495 873 572 Quis
896 499 977 561 enim

64 598 154 643 meum
178 581 208 642 in
235 580 292 642 ista
320 581 463 644 societate
492 577 707 660 gloriosissimi
734 579 831 642 lacti2
865 597 976 644 nomen

65 663 192 728 audivit?
231 663 317 726 cuius
346 668 462 738 autem,
497 662 604 741 quiin
636 679 675 724 eo
706 679 831 726 numero
858 661 977 740 luisset,

62 763 165 809 nomen
185 753 233 810 est
254 745 458 810 occultatum?
491 745 668 808 occultatum
690 745 785 808 dico?
808 746 893 810 ouius
913 763 977 810 non

61 830 153 908 statim
175 828 384 910 divulgatum?
423 827 518 891 Citius
541 828 685 906 dixerim,
706 830 836 893 iactasse
856 847 892 894 se
915 829 977 892 ali-

62 930 150 994 quos,
182 919 213 975 ut
240 912 336 974 luisse
365 913 397 975 in
429 929 467 974 ea
490 912 636 974 socictate
658 912 850 990 uiderentur,
885 930 976 994 quum

62 996 169 1058 conscii
190 1013 252 1060 non
277 993 423 1074 luissent,
446 1011 534 1076 quam
556 1001 590 1058 ut
610 995 767 1079 quisquam
791 995 885 1060 celari
905 995 974 1057 vel-

61 1078 114 1157 let,
148 1076 199 1159 qui
223 1078 339 1142 fuisset.
387 1078 482 1152 Quam
504 1079 569 1140 veri
598 1079 696 1142 simile
723 1095 818 1162 porro
843 1084 908 1157 est,
941 1080 1020 1142 inae

61 1166 99 1224 tot
118 1161 288 1226 bominibus
309 1162 420 1243 partim
442 1162 580 1225 obscuris
601 1163 707 1243 partim
732 1161 973 1240 adolescentibus

58 1246 200 1308 neminem
219 1245 437 1309 occultantibus
456 1263 554 1308 meum
572 1256 684 1308 nomen
698 1247 795 1309 latere
813 1244 973 1328 potuisset
992 1250 994 1262 '

59 1326 167 1391 Etenim
195 1330 222 1392 si
252 1335 393 1392 auctores
418 1328 455 1391 ad
484 1327 669 1392 liberandam
693 1330 819 1411 patriam
848 1327 973 1392 deside-

57 1418 187 1474 rarentur
216 1412 278 1474 illis
308 1411 501 1490 actoribusss,
543 1410 652 1474 Brutos
685 1428 746 1495 ego
775 1412 973 1494 impellerem,

58 1511 176 1574 quorum
195 1501 324 1576 uterque
344 1494 378 1556 b.
399 1493 482 1556 Bruti
504 1494 667 1576 imaginem
689 1494 823 1576 quotidie
846 1495 991 1573 videret,

57 1577 126 1640 alter
146 1579 237 1642 etiam
260 1577 390 1641 Ahalae‘l
425 1577 462 1639 lli
482 1577 575 1658 igitur
593 1575 641 1638 his
663 1577 828 1641 maioribus
851 1577 888 1640 ab
912 1578 973 1641 ali-

56 1661 117 1724 cnis
147 1663 251 1744 potius
285 1660 445 1724 consilium
478 1663 616 1741 peterent
643 1677 731 1742 quam
761 1677 778 1722 a
807 1660 899 1722 suis?
942 1663 973 1721 et

56 1741 126 1808 loris
146 1747 249 1827 potius
271 1762 359 1826 quam
381 1742 498 1805 domo?
531 1741 636 1816 Quid?
668 1741 703 1805 G.
725 1740 860 1821 Cassius,
881 1741 913 1805 in
935 1759 973 1805 ea

55 1825 160 1891 lamilia
184 1835 292 1905 natus,
327 1843 394 1907 qua
423 1843 485 1889 non
505 1825 595 1888 modo
621 1825 822 1905 dominatum,
855 1824 910 1890 sed
930 1842 973 1889 ne

54 1913 210 1991 potentiam
232 1911 353 1993 quidem
374 1909 549 1991 cuiusquam
567 1907 651 1971 ferre
670 1910 778 1991 potuit,
798 1927 847 1971 me
863 1915 972 1972 aueto-

53 2010 122 2073 rem,
145 1995 252 2073 credo,
274 1991 457 2058 desideravit
464 2013 474 2071 3
515 1993 565 2072 qui
590 1992 677 2058 etiam
700 1993 768 2057 sine
785 1991 838 2073 ‘luis
862 1992 972 2055 claris-

53 2075 131 2140 simis
152 2079 226 2142 viris
252 2077 330 2142 banc
352 2094 418 2140 rem
440 2077 472 2140 in
498 2073 605 2138 Cilicia
636 2075 674 2140 ad
693 2077 810 2140 ostium
841 2075 972 2140 lluminis

53 2157 144 2240 Cydni
165 2160 362 2240 confecisset,
386 2161 413 2224 si
436 2159 488 2223 ille
509 2159 547 2221 ad
569 2177 635 2222 eam
656 2160 764 2242 ripam,
786 2178 875 2242 quarn
893 2176 971 2222 con·
1010 2153 1013 2168 '

52 2244 198 2324 stibrerat,
221 2262 284 2308 non
303 2244 341 2307 ad
362 2243 561 2320 contrariam,
582 2260 676 2306 naves
697 2243 872 2324 appulisset.
915 2239 1017 2306 Cnllr

51 2323 206 2392 Domitium
226 2345 291 2390 non
312 2328 406 2410 patris
428 2326 584 2405 interitus,
621 2326 779 2390 clarissimi
802 2327 877 2404 viri,
908 2342 971 2388 non

48 2413 183 2476 avunculi
205 2427 308 2487 mors,
332 2428 395 2474 non
412 2408 553 2490 spoliatio
575 2408 747 2492 dignitatis,
778 2408 816 2473 ad
836 2425 970 2490 recupe-

50 2493 166 2556 randam
183 2496 366 2572 libertatem,
387 2493 442 2556 sed
464 2510 531 2554 mea
545 2493 708 2556 auctoritas
730 2491 897 2556 excitarit?
920 2489 971 2553 An

51 2573 80 2638 Ο.
102 2578 257 2641 Trebonio
280 2595 340 2660 ego
364 2575 530 2658 persuasi?
562 2576 611 2640 cui
632 2593 671 2639 ne
692 2576 823 2639 suadere
847 2574 970 2657 quidem
1052 2649 1053 2654 ἵ

51 2676 134 2724 arum
158 2680 270 2724 essem.
318 2660 385 2734 Quo
415 2659 504 2722 etiam
532 2661 677 2722 maiorem
706 2660 736 2721 ei
765 2675 816 2723 res
847 2657 969 2741 publica

49 2746 169 2823 gratiam
192 2744 300 2823 debet,
332 2743 384 2825 qui
405 2742 575 2805 libertatem
597 2741 701 2824 populi
725 2742 852 2805 Romani
877 2740 969 2804 unius

50 2827 180 2890 amicitia
209 2827 393 2911 preposuit,
437 2824 642 2908 depulsorque
677 2825 846 2889 dominatus
879 2841 969 2906 quam

48 2911 195 2993 particeps
230 2929 300 2974 esse
330 2909 441 2972 maluit.
489 2908 538 2972 An
567 2909 600 2971 L.
630 2905 736 2972 Tillius
768 2906 889 2970 Cimber
918 2923 969 2968 me

49 2998 91 3054 est
110 3001 267 3058 auctorem
287 2992 434 3058 secutus?
456 3010 544 3073 quem
564 3008 624 3075 ego
642 2992 738 3074 magis
759 2990 987 3054 lecisseillamt

48 3091 106 3139 rem
126 3097 196 3141 sum
220 3077 393 3154 admiratus,
414 3093 502 3157 quam
523 3075 671 3138 iacturum
688 3074 809 3157 putavi;
835 3074 975 3138 admira-v

48 3161 91 3221 tus
102 3161 227 3224 aurem*
242 3160 280 3223 ob
295 3179 361 3223 eam
374 3177 505 3236 causam,
526 3157 608 3239 quod
625 3158 782 3220 immemor
798 3157 968 3220 benedicio-

46 3255 117 3322 rom,
136 3262 257 3308 memor
267 3245 373 3326 patriar
385 3242 500 3308 luisset
531 3240 609 3316 Quid
622 3240 880 3306 duosServilios?
904 3236 968 3300 Ca-

47 3340 112 3390 soas
124 3328 236 3405 dicam,
253 3346 291 3390 an
301 3326 441 3392 Ahalas?
463 3332 494 3389 et
511 3324 568 3388 bos
582 3326 758 3388 auctoritate
770 3341 837 3386 mea
858 3335 967 3384 censes

45 3411 200 3476 excitatos
213 3411 314 3493 potius
338 3429 428 3494 quam
448 3408 571 3472 caritate
593 3406 806 3490 reipublice?
828 3405 968 3486 Longum

43 3497 87 3554 cst
97 3495 243 3578 persequi
253 3500 389 3571 ceterum
410 3493 502 3577 idque
516 3492 562 3556 rei
574 3492 702 3574 publicae
712 3487 900 3572 praeclarum,
913 3485 967 3550 lu-

47 3621 277 3642 ...ψ-..ι-

77 3687 87 3721 ¹
108 3691 188 3744 ctiam
209 3700 332 3746 oneraret
351 3689 451 3744 alienis.
523 3687 537 3719 ¹
564 3690 590 3740 in
608 3691 682 3741 istius
706 3681 886 3757 gloriosissimi
904 3671 964 3737 lacti

73 3763 245 3816 conscientia.
322 3762 332 3794 ³
356 3763 420 3812 sont.
439 3787 475 3798 -
497 3760 656 3812 auctoribus.
729 3758 741 3788 ⁴
765 3772 820 3808 sum
841 3764 936 3808 autem.
