2546 4310
187 248 290 336 Xeno
319 203 884 312 srenaosar'oumsar'no.
918 299 920 304 .
989 261 1007 310 s

79 429 195 490 satores
212 424 259 488 uti
281 431 520 508 consuevemnt,
554 443 591 490 ea
617 442 676 490 uos
697 424 757 490 hoc
779 434 919 511 tempore
939 431 1004 494 uti-·
1040 453 1043 462 ·
1124 495 1126 502 ,

78 526 159 588 mur,
201 510 255 591 qui
285 527 406 576 causam
434 512 570 576 dicimus.
628 497 761 574 Petlmus
789 513 844 576 abs
873 518 922 592 ta',
964 513 1003 577 Μ.

76 593 176 671 Fanni,
200 612 221 655 a
242 592 401 677 vobisque,
433 594 562 675 iudices,
594 598 627 657 ut
651 613 739 676 quarn
764 596 912 658 acerrime
933 591 1002 660 rna..

76 676 169 740 leticia
191 676 371 756 vindicetis,
403 683 543 762 utquam
566 677 733 754 fortissime
751 678 924 742 hominibus
943 699 1001 744 au-

76 759 241 824 dacissimis
264 761 431 841 resistatis,
468 769 502 826 ut
522 762 582 826 hoc
604 759 765 844 cogitetis,
798 763 858 828 nisi
888 763 921 826 in
943 763 1002 828 hac

76 861 173 922 causa,
198 844 252 925 qui
274 851 377 908 vester
401 846 517 910 animus
538 848 587 925 sit,
611 845 776 910 ostendatis
787 845 806 884 f
809 849 829 925 ,‘
863 863 902 910 eo
923 864 1001 929 pro-

74 944 211 1010 rumpere
240 927 397 991 hominum
431 930 624 1012 cupiditatem
656 934 687 992 et
704 929 814 992 scelus
843 935 875 992 et
902 931 999 994 auda-

73 1011 165 1090 ciam,
185 1016 219 1073 ut
239 1026 303 1075 non
324 1011 415 1076 modo
437 1014 533 1092 clam,
554 1030 661 1077 verum
682 1013 771 1075 etiam
793 1013 844 1075 tric
864 1013 896 1074 in
917 1012 999 1093 foro,

74 1101 138 1158 ante
160 1094 295 1176 tribunal
319 1101 420 1175 tumn,
451 1097 490 1160 Μ.
511 1097 624 1174 Fanni,
659 1101 729 1158 anta
751 1095 848 1179 pedes
868 1103 1000 1175 vestros,

73 1177 204 1258 iudices,
248 1179 329 1241 inter
360 1180 427 1262 ipsa
459 1180 605 1244 musetlia
643 1177 892 1244 penestarum
928 1181 998 1244 sint

72 1260 183 1324 Etenim
203 1261 279 1344 quid
301 1262 383 1326 atiud
404 1262 464 1326 hoc
492 1264 604 1328 iudicio
639 1268 786 1342 tentatur,
816 1264 876 1327 nisi
905 1269 938 1325 ut
966 1263 1055 1346 id13,

73 1343 133 1408 fieri
152 1345 271 1408 liceat?
304 1346 458 1409 Accusant
481 1348 522 1427 ii,
554 1346 658 1430 quiin
678 1345 815 1411 fortunas
835 1345 925 1410 huius
944 1348 997 1411 in-

72 1435 227 1504 vaserunt3
274 1446 396 1492 oausam
419 1430 492 1493 dicit
514 1432 560 1509 is,
595 1431 643 1494 oui
666 1436 780 1514 praeter
799 1429 998 1494 calamitatem

71 1511 139 1577 nihil
159 1512 368 1594 reliqueramt3
405 1520 550 1577 accusant
570 1513 604 1590 ii,
628 1514 738 1596 quibam
760 1512 858 1576 occidi
879 1521 996 1596 patrem

72 1593 136 1659 Sex.
156 1596 261 1660 Roscii
291 1596 373 1659 hono
403 1595 477 1672 fnit3
515 1615 637 1660 cuasam
667 1596 740 1658 dicit
772 1597 820 1671 is,
852 1597 901 1659 cui
933 1613 996 1660 non

71 1680 155 1742 modo
178 1679 293 1744 luctum
314 1695 398 1742 mors
415 1680 510 1761 patris
534 1679 647 1757 attulit,
678 1679 893 1744 verumetiam
915 1697 995 1760 ege·
1086 1706 1087 1714 ι
1152 1699 1153 1710 ’

72 1767 185 1842 statam3
208 1769 356 1826 accusant
377 1763 411 1841 ii,
432 1763 484 1844 qui
504 1763 584 1826 hunc
602 1764 701 1844 ipsum
718 1760 859 1844 iugulare
878 1779 995 1825 summe

72 1847 238 1928 cupierunt3
266 1862 388 1909 causam
410 1846 483 1909 dicit
503 1847 542 1924 is,
566 1847 619 1928 qni
640 1844 790 1908 etiamad
811 1845 871 1908 hnc
894 1846 995 1928 ipsum

70 1927 297 1994 iudicium-cum
320 1929 464 2011 praesidio
495 1931 597 2009 uenit,
634 1947 675 1992 ne
704 1929 755 1992 hic
783 1926 896 1991 ibidern
911 1933 995 1992 *ante

71 2014 168 2078 oculos
188 2021 313 2078 vestros
333 2013 501 2077 trucidetur
507 2034 517 2092 3
542 2012 674 2094 denique
695 2018 839 2076 accusant
858 2012 892 2089 ii,
916 2028 993 2093 quos

70 2098 190 2179 pupulus
211 2097 331 2182 poscit3
356 2115 497 2178 ¹causum
526 2097 598 2161 dicit
619 2097 664 2175 is,
696 2096 748 2177 qui
769 2101 848 2158 unus
869 2095 993 2158 relictus
1046 2171 1051 2180 Ι

71 2195 106 2242 ax
125 2181 242 2246 illorum
271 2178 389 2244 nefaria
419 2180 502 2244 cade
531 2186 635 2243 restat.
680 2179 782 2260 Atque
808 2184 842 2240 ut
870 2177 991 2242 facilius
1004 2190 1039 2240 14

71 2261 232 2348 intelligere
253 2264 391 2346 possitis,
413 2263 540 2343 iudices,
562 2282 609 2342 ea,
641 2280 709 2345 quae
729 2261 809 2326 facta
830 2268 911 2341 sunt,
938 2261 991 2326 in-

71 2345 201 2443 digniora
233 2365 325 2425 esse,
358 2365 448 2428 quam
470 2347 536 2412 haec
557 2354 645 2424 sunt,
676 2363 744 2429 qma
774 2345 920 2424 dicimus,
953 2345 991 2408 alr

71 2427 148 2494 inrtio
164 2450 214 2495 res
234 2430 488 2516 quemadmodum
507 2436 594 2515 gesta
612 2432 662 2508 sit,
683 2429 772 2492 vobis
792 2445 991 2510 exponemus,

72 2529 124 2592 quo
139 2514 259 2580 facilius
276 2520 306 2577 et
322 2513 412 2592 huius
431 2513 564 2579 hominis
588 2511 829 2577 innocentissimi
851 2513 990 2574 miserias

71 2601 98 2656 et
116 2598 234 2662 illorum
256 2598 413 2662 audaciam
434 2615 626 2682 cognoscere
647 2597 772 2679 possitis
793 2602 824 2658 et
852 2595 899 2658 rei
927 2612 989 2677 pus·

70 2676 149 2744 blica
167 2683 374 2746 calamitatem.

144 2764 213 2830 Sex.
234 2765 385 2844 Roscius,
411 2770 499 2847 pater
518 2764 665 2841 huiusce,
686 2762 844 2844 municeps
864 2760 1036 2834 Amori-15
1053 2759 1077 2828 6

71 2861 120 2909 nus
151 2848 224 2930 fuit,
270 2867 374 2930 quum·
398 2867 514 2931 genere
549 2854 581 2911 et
609 2845 767 2910 nobilitate
799 2850 829 2908 et
847 2845 991 2928 pecunia

71 2943 125 2992 non
143 2933 231 2996 modo
253 2933 306 3004 suiv
324 2933 490 3014 municipii,
516 2930 732 2994 verumetiam
754 2929 820 2992 eius
845 2930 990 2992 vicinita-

72 3011 104 3072 tis
123 3013 211 3079 facile
230 3017 366 3100 primus,
395 3021 456 3079 tum
478 3016 576 3097 gratia
598 3021 687 3094 atque
710 3012 852 3094 hospitiis
876 3012 990 3075 florens
1114 3025 1115 3032 ¹

72 3091 214 3162 huminum
235 3099 503 3164 nobilissimorum.
549 3097 625 3160 Nam
648 3114 716 3164 cum
737 3094 885 3174 Metellis,
912 3095 989 3159 Ser·-

72 3177 153 3260 viliis,
177 3183 370 3267 Scipionibus
393 3189 459 3244 erat
482 3181 512 3244 ei
536 3198 596 3244 non
619 3179 711 3243 modo
735 3178 909 3261 hospitium,
930 3197 989 3241 ve-

71 3275 129 3324 rum
158 3269 247 3330 etiam
263 3266 461 3329 domesticus
492 3282 567 3328 usus
597 3269 628 3326 et
660 3263 867 3338 consuetudo;
914 3279 990 3342 quas

73 3338 114 3425 (ul
138 3365 253 3433 aequum
283 3349 339 3431 est)
369 3349 502 3412 familias
529 3347 696 3412 honestatis
717 3345 990 3433 amplitudinisque

72 3432 157 3568 pratia
178 3436 312 3508 nomino,
359 3433 463 3514 ltaque
492 3451 533 3494 ex
556 3433 622 3494 suis
652 3430 791 3494 omnibus
820 3427 989 3491 commodis

91 3525 123 3573 oe
142 3518 238 3580 solum
261 3517 323 3579 tilio
345 3516 477 3598 reliquit.
531 3515 605 3578 Nam
633 3513 846 3597 patrimonium
877 3511 988 3574 dome-

73 3592 129 3685 stici
150 3602 307 3680 predones
328 3602 360 3664 vi
382 3607 520 3682 ereptum
540 3599 698 3682 possident
705 3616 715 3672 ;
758 3595 838 3658 fama
870 3601 902 3656 et
926 3593 988 3658 vita

74 3685 228 3748 utnocentis
243 3687 285 3752 ab
307 3683 477 3774 hespitibus
501 3682 666 3766 amicisque
687 3678 822 3762 paternis
844 3675 986 3782 defendi-

75 3797 286 3850 x...-

105 3865 111 3895 ¹
132 3875 300 3932 ostenderitis.
