2468 4318
286 193 339 254 ‘ru
373 193 718 293 cucurrissem.
767 249 774 270 ,
919 186 977 252 rm·

20 375 128 440 solum
145 369 274 437 vestris
296 369 457 434 domiciliis
479 374 575 451 atque
587 367 685 448 tectis,
707 365 869 433 sedetiam
891 369 973 452 deo-

19 477 86 520 rum
110 456 246 538 templis
276 462 365 536 etque
387 453 522 516 delubris
544 458 612 516 sunt
642 451 779 516 funestos
812 471 850 514 aa
879 453 993 516 nefa-‘
1088 527 1090 538 Ι

19 544 84 604 rios
107 542 206 624 ignes
225 533 353 600 ‘inferre
376 537 486 599 conati.
534 536 650 610 Quibus
674 554 734 618 ego
756 535 783 598 si
805 539 973 600 meresti-

20 627 95 688 tisse
120 624 243 698 dicem,
270 622 392 684 nimium
417 619 489 682 mibi
514 638 628 682 sumam
652 617 765 682 et'non
787 621 843 682 sim
861 619 972 683 feren·
1020 619 1027 634 '

20 709 93 784 dus;
128 708 199 784 illc,
224 705 284 768 ille
307 705 441 786 Iuppiter
461 703 570 772 restitit
577 723 586 780 ;
621 703 675 766 ille
697 703 895 786 Capitolium,
917 704 970 766 ille

20 792 84 854 haeo
106 790 245 872 templa,
271 788 324 850 ille
346 787 425 850 hauc
447 787 565 864 urbem,
587 787 639 849 ille
663 804 719 850 vos
741 804 847 849 omnes
869 787 971 850 salvos

20 893 90 938 esse
121 874 241 938 voluit.
295 871 361 934 Diis
394 888 454 953 ego
484 871 702 933 immortalibus
733 870 860 934 ducibus
891 870 971 934 bano

22 966 176 1035 mentem,
217 955 375 1034 Quirites,
402 954 652 1036 voluntatemque
675 955 796 1034 suscepi
821 961 910 1035 atque
932 953 971 1018 ud

23 1042 86 1104 beo
109 1047 200 1122 tauta
231 1038 349 1103 indicia
372 1039 508 1120 perveni.
558 1038 619 1100 lem
650 1054 723 1100 vero
748 1037 799 1099 illa
820 1038 970 1101 Allobro·-

25 1143 95 1207 gum
115 1124 343 1198 sollicitatio.†
357 1123 403 1185 sio
420 1139 439 1183 a
454 1121 503 1182 Ρ.1
526 1121 653 1185 Lentulo
674 1121 846 1202 ceterisque
861 1117 978 1204 dome-5

25 1209 107 1270 elicis
133 1208 287 1272 hostibus
309 1211 368 1268 tarn
393 1203 548 1267 dementer
577 1211 659 1268 tenta
686 1205 766 1284 resi
800 1205 914 1268 credita
939 1212 970 1267 et
1085 1261 1090 1274 ,

25 1292 139 1373 ignotis
178 1296 213 1354 et
238 1289 380 1352 barbaris
411 1289 639 1371 commissaeque
672 1290 777 1352 littere
807 1307 969 1370 numquam

28 1381 129 1437 essent
144 1373 309 1457 profecto,
330 1373 390 1450 nisi
407 1372 447 1434 ab
469 1372 527 1452 diis
550 1373 765 1438 immortalibus
787 1374 857 1438 huie
881 1380 971 1436 tentae

28 1458 164 1521 audeoiae
189 1457 360 1520 consilium
391 1461 473 1518 esset
501 1458 658 1536 ereptum,
698 1455 777 1529 Quid
805 1457 904 1520 vero?
937 1463 973 1519 ut

28 1540 169 1604 homines
194 1541 279 1604 Gelli
309 1557 348 1602 ex
373 1539 493 1602 civitate
521 1539 600 1600 male
630 1545 753 1621 pecata,
795 1558 862 1622 quae
892 1559 971 1626 gens

30 1642 86 1686 una
109 1631 234 1704 restat,
266 1623 468 1706 quaefbellum
488 1622 603 1704 populo
625 1622 784 1684 nominoe
815 1622 917 1684 iacere
941 1629 971 1685 et

31 1723 121 1787 posse
144 1714 177 1770 et
202 1725 271 1771 non
292 1707 376 1770 nolle
393 1705 548 1782 videatur,
580 1723 665 1787 spem
687 1707 806 1787 imperii
828 1707 891 1768 ac⁴
915 1711 971 1768 re'-

31 1807 93 1852 rum
120 1792 384 1874 amplissimarum
408 1789 487 1852 ultro
511 1789 578 1853 sibi
602 1809 620 1852 a
642 1790 777 1872 patriciis
799 1790 972 1853 hominibus

32 1873 161 1937 oblatam
187 1875 406 1958 negligerent,
438 1880 630 1954 uestramque
657 1874 783 1936 salutem
812 1875 877 1937 suis
901 1874 994 1955 opi-·

34 1955 86 2019 bus
110 1964 360 2041 anteponerent,
383 1957 415 2020 id
436 1974 498 2019 non
522 1956 664 2020 divinitus
686 1957 796 2020 factum
820 1969 889 2020 esse
909 1975 972 2039 pn-

34 2041 123 2102 talis?
148 2042 326 2124 praesertim
349 2043 400 2122 qui
418 2058 477 2105 nos
493 2057 554 2102 non
572 2041 747 2124 pugnando,
769 2042 824 2106 sed
841 2041 971 2104 tacendo
1038 2096 1041 2104 .

36 2140 180 2206 superare
202 2126 402 2208 potueritne
1053 2125 1056 2129 ’

124 2209 355 2286 Quamobrem,
381 2209 532 2287 Quirites,
556 2207 696 2289 quondam
719 2209 756 2272 ed
776 2209 877 2290 omnia
897 2208 1016 2293 pul-en
1036 2205 1084 2280 llt

37 2288 148 2354 uinaria
176 2290 361 2376 supplicatio
385 2293 508 2354 decreta
529 2298 585 2367 est,
610 2292 793 2364 celebratote
816 2294 887 2356 illos
904 2293 970 2358 dies

39 2388 101 2434 oum
125 2377 314 2474 coniugibus
337 2394 373 2438 eo
397 2375 502 2437 liberis
526 2375 645 2437 vestris.
685 2375 760 2448 Nam
782 2378 868 2440 multi
888 2395 971 2456 saepe

39 2451 170 2522 bonores
195 2461 256 2522 dius
273 2458 490 2521 immortalibus
511 2459 580 2522 iusti
603 2458 696 2521 habiti
717 2467 787 2523 sunt
809 2478 844 2522 ac
867 2461 971 2538 debiti,

41 2538 90 2600 sed
110 2542 257 2632 profecto
282 2543 423 2605 iustiores
448 2560 617 2624 numquam.
669 2543 771 2625 Erepti
795 2544 875 2606 enim
897 2543 971 2606 estis

43 2637 78 2680 ex
100 2627 315 2690 crudelissimo
336 2637 371 2688 ee
392 2627 562 2688 miserrimo
585 2625 717 2705 interitu,
740 2632 770 2688 et
792 2628 887 2709 erepti
904 2626 972 2688 siue

45 2706 141 2798 cede,
177 2712 247 2774 sine
271 2710 437 2792 sanguine,
474 2710 540 2772 sine
565 2711 720 2789 exercitu,
753 2711 820 2773 sine
843 2712 971 2774 dimice-

45 2791 141 2866 tronc3
183 2795 301 2876 togati,
337 2811 386 2854 me
409 2807 471 2856 nno
495 2800 599 2875 togato
622 2792 698 2855 duce
721 2800 751 2856 et
775 2796 970 2876 imperatore,
1051 2802 1059 2810 ‘
1178 2833 1180 2840 -

45 2869 163 2938 vicistis.
213 2877 330 2939 Etenim
351 2876 565 2954 recordamini,
593 2877 735 2956 Quirites,
766 2896 871 2941 omnes
891 2879 1017 2940 civi-nt

47 2950 88 3013 les
118 2958 344 3038 dissensiones,
379 2961 465 3021 non⁶
501 2960 598 3022 solum
630 2963 700 3038 eas,
735 2980 809 3042 ques
834 2962 970 3041 audistis,
1011 3028 1015 3039 ,

48 3036 95 3097 sed
117 3060 180 3121 eas,
201 3043 276 3124 quas
296 3045 491 3126 vosmetipsi
512 3044 689 3105 meministis
710 3047 817 3128 atque⁷
843 3047 970 3109 vidistis.

49 3113 79 3179 L.
99 3121 179 3188 Sulla
203 3127 235 3189 P.
260 3127 425 3208 Sulpicium
449 3129 620 3208 oppressit3
657 3131 711 3203 [ex
735 3129 811 3192 urbe
836 3131 967 3204 eiecit]⁸

51 3197 80 3295 ⁰:
100 3203 244 3289 Marium,
266 3210 423 3274 custodem
444 3209 534 3273 huius
556 3209 657 3291 urbis,
679 3213 850 3294 multosque
873 3213 971 3274 fortes
998 3213 1004 3226 ‘
1060 3279 1061 3282 ,

51 3298 126 3356 llos
150 3297 260 3374 partim
288 3295 378 3358 eiecit
408 3313 448 3356 ex
482 3295 622 3373 civitate,
666 3299 775 3379 partim
809 3297 970 3358 interemit.

54 3394 273 3424 N*—

86 3456 253 3528 londanus,
271 3461 462 3516 certatorum.
484 3489 515 3503 -·
536 3481 588 3516 om.
605 3459 635 3516 1²ss
672 3465 855 3529 'codd.,edd.
868 3473 971 3516 cett—
1010 3463 1014 3470 '
1061 3519 1067 3526 ,

85 3532 149 3582 tanta
166 3541 209 3586 ‘res
227 3545 279 3588 tam
293 3535 362 3586 dem.
399 3534 432 3586 Ia
443 3550 496 3588 ooo
521 3539 558 3586 sio
569 3537 671 3588 videtur
680 3537 781 3588 subesse
792 3537 971 3604 participium,

84 3595 129 3647 bac
146 3607 267 3657 metionis
281 3605 383 3670 somno:
401 3613 523 3672 suscepta
543 3605 598 3657 ar.
611 3604 687 3662 Lent.
702 3631 738 3643 --
755 3614 807 3658 tam
826 3606 971 3669 dementer,

84 3672 205 3726 lacteolo.
243 3673 585 3742 reoda-popmhetl.
624 3673 779 3728 ⁴00td.-·
797 3685 831 3728 ct
871 3675 971 3726 leont.

86 3732 279 3861 Rauranum.
318 3743 423 3798 ‘codd
441 3769 477 3786 -·
493 3761 590 3829 npque,
630 3745 737 3804 feoda,
757 3772 792 3800 ·.-
811 3754 847 3799 ep,
884 3747 972 3799 edm

143 3829 162 3863 a.
