2468 4318
258 223 294 274 ω
497 221 500 238 ·
601 191 838 272 oacrio

258 386 351 452 rebus
374 405 410 452 ac
432 393 515 452 tanto
536 386 619 452 bello
662 385 862 452 reiciendum
892 389 1060 472 putaretis!
1102 389 1177 452 Nune

257 489 332 536 uero
361 489 452 556 quum
480 472 519 534 sit
539 489 618 536 unus
639 407 694 535 gn.
716 471 895 554 Pompeius,
931 475 983 554 qui
1007 492 1074 536 non
1097 474 1175 536 modo

257 573 364 620 eorum
387 555 549 633 hominnm,
570 555 622 636 qui
640 574 721 620 nunc
740 562 820 635 sunt,
847 555 986 640 gloriam,
1019 557 1079 622 sed
1099 558 1177 619 aban

257 639 439 722 antiquitatis
471 639 645 701 memoriam
676 641 787 704 virtute
818 642 986 721 superarit,
1035 658 1105 721 qnae
1135 657 1177 701 res

257 729 320 801 est,
362 739 429 804 qum
456 722 634 802 cuiusquam
662 725 794 786 animum
815 723 846 786 in
868 723 925 786 hac
946 742 1043 788 cansa
1066 723 1178 788 dubium

210 806 360 870 miscere
380 804 501 887 possit?
525 805 592 888 Ego
611 805 691 868 enim
712 807 757 870 sio
774 806 924 885 exisbmo,
943 813 975 871 tn
990 824 1114 872 summo
1128 806 1179 868 im-

255 894 396 972 peratore
418 895 557 971 quonum
578 887 632 952 hos
653 909 704 954 res
725 891 827 954 inesse
847 897 1000 972 oportere,
1028 891 1178 956 scientiam

255 973 302 1036 rei
320 972 467 1051 militaris,
486 973 635 1052 virtutem,
656 975 871 1052 anctoritatem,
892 973 1082 1038 felicitatem.
1114 972 1177 1046 Quis

255 1056 349 1140 igitur
381 1053 440 1118 hoc
466 1054 589 1118 homine
621 1057 766 1120 scientior
794 1075 933 1139 umquam
961 1065 1011 1121 aut
1048 1057 1109 1120 fuit
1136 1061 1179 1116 ant

255 1158 326 1206 csse
347 1138 471 1204 debuit?
493 1140 547 1222 qui
568 1157 587 1200 e
610 1139 683 1203 ludo
704 1147 794 1222 atque
815 1141 951 1223 pueritie
974 1140 1177 1223 disciplinis¹,

254 1223 335 1286 bello
365 1224 495 1286 maximo
525 1229 614 1306 atque
646 1224 802 1288 acerrimis
830 1223 986 1303 hostibus,
1019 1223 1063 1288 ad
1092 1223 1177 1304 patris

253 1307 419 1372 exercitum
441 1312 529 1388 atquc
551 1307 583 1369 in
604 1307 717 1370 militie
736 1307 926 1389 disciplinam
942 1308 1106 1389 proiectus
1123 1311 1177 1377 est;

253 1392 306 1474 qni
331 1397 464 1452 extrema
482 1391 610 1472 pueritia
631 1391 718 1454 miles
741 1391 774 1452 in
798 1392 958 1454 exercitn²
991 1391 1053 1456 tuit
1077 1387 1176 1454 summi

148 1477 152 1484 '
252 1473 454 1556 imperatoris,
486 1475 609 1538 incunte
634 1473 838 1538 adolescentia
859 1475 980 1540 maximi
999 1475 1079 1558 ipse¹
1093 1488 1177 1536 exer-

253 1559 527 1640 citusimperator3
551 1558 602 1639 qui
614 1559 724 1640 sepius
739 1575 806 1623 oum
830 1558 917 1620 hoste
938 1557 1077 1622 conflixit
1097 1572 1176 1638 quan

252 1643 412 1726 quisquam
435 1661 503 1704 cum
524 1641 647 1704 inimico
669 1642 866 1719 concertavit,
894 1643 982 1724 plura
1002 1642 1088 1705 bella
1109 1656 1176 1722 ges-

252 1727 292 1791 sit
315 1745 404 1810 quam
428 1725 522 1788 ceteri
544 1725 702 1806 legerunt,
738 1725 842 1807 plures
872 1726 1048 1807 provincias
1073 1720 1146 1787 conl
1160 1755 1176 1769 -

251 1812 294 1876 cit
313 1826 403 1890 quam
425 1809 476 1870 alii
501 1808 754 1887 concupiverunt5
798 1807 884 1872 cuins
915 1801 1176 1874 adolescentiori

250 1891 409 1959 scientium
436 1890 483 1954 rai
512 1889 650 1953 militaris
679 1909 742 1954 non
771 1891 879 1954 alienis
910 1894 1095 1974 praeceptis,
1129 1885 1176 1952 sed

251 1977 315 2042 suis
339 1974 495 2056 imperiis,
516 1990 579 2038 non
600 1973 820 2038 offensionibus
843 1973 933 2053 belli,
954 1975 1009 2039 scd
1031 1972 1174 2042 victoriis,

250 2078 313 2125 non
340 2058 517 2139 stipendiis,
549 2056 605 2121 scd
634 2059 792 2140 triumphis
822 2065 869 2122 est
899 2059 1042 2130 erudita?
1094 2051 1174 2132 Quot

251 2143 383 2225 denique
407 2159 505 2222 genus
530 2158 600 2204 esse
620 2141 719 2204 ballt³
743 2148 853 2224 potest,
876 2142 907 2205 in
929 2160 990 2224 quo
1012 2142 1099 2206 illum
1119 2154 1173 2201 non

251 2226 423 2290 exercuerit
442 2224 563 2288 fortuna
583 2226 629 2288 rei
649 2225 805 2307 publica?
849 2225 963 2304 Civile,
993 2225 1174 2296 Africanum,

251 2309 492 2390 transalpinum,
513 2307 723 2390 Hispaniense,
753 2311 877 2374 mixtum
900 2328 940 2373 cx
962 2310 1108 2376 civibns⁴
1132 2309 1174 2366 at-

252 2411 312 2476 que
342 2411 382 2456 ex
409 2391 651 2456 bellicosissimis
684 2391 873 2471 nationibus,
906 2393 1035 2470 servile,
1072 2387 1172 2454 navale

250 2474 380 2555 bellum,
423 2477 507 2540 varia
539 2484 571 2538 et
605 2476 726 2539 diversa
763 2495 880 2559 genera
908 2483 938 2542 ct
965 2476 1117 2540 bellorum
1146 2475 1173 2532 ct

250 2561 399 2638 hostium,
431 2576 494 2622 non
524 2559 623 2623 solum
644 2565 732 2641 gesta
756 2559 793 2622 ab
816 2560 876 2622 hoc
896 2577 976 2637 uno„
1008 2559 1064 2622 sed
1089 2556 1170 2620 ctiam

251 2643 400 2722 confecta,
430 2644 543 2706 nullam
562 2660 628 2704 rem
649 2660 719 2706 essa
740 2643 894 2708 declarant
916 2645 947 2707 in
969 2662 1028 2707 usu
1049 2642 1170 2725 positam

251 2729 413 2806 militari³,
443 2744 510 2808 quic
528 2727 618 2789 huius
639 2726 697 2789 viri
718 2727 873 2790 scientiam
894 2725 1003 2809 lugere
1024 2726 1129 2809 possit

138 2820 239 2896 1129
340 2810 402 2874 lam
423 2827 497 2873 vero
520 2809 623 2872 virtuti
645 2807 699 2872 Cn.
719 2809 856 2892 Pompeii
874 2829 941 2892 quae
960 2817 1062 2892 potest
1080 2804 1169 2873 oratio

131 2901 138 2910 ’
250 2895 322 2978 par⁶
347 2893 501 2958 inveniri?
525 2893 671 2976 quidest,
693 2893 775 2974 quod
798 2895 955 2978 quisquam
978 2900 1028 2957 aut
1049 2895 1102 2958 illo
1126 2889 1170 2952 di-

249 2979 361 3062 gnum⁷
382 2984 431 3042 aut
445 2977 533 3041 vobis
549 2993 659 3040 novum
678 2983 729 3039 aut
746 2979 884 3058 cuiquem
899 2978 1064 3041 inauditum
1079 2971 1169 3059 possit

249 3061 384 3126 afferre?
415 3057 521 3142 Neque
537 3058 617 3122 enim
638 3059 698 3122 illae
715 3066 785 3134 sunt
802 3062 876 3125 solae
895 3061 1020 3125 virtutes
1042 3062 1170 3143 impero*

248 3147 344 3226 toriae,
367 3162 434 3228 quae
452 3145 544 3227 vulgo
557 3143 778 3222 existimantur,
802 3144 887 3209 labor
899 3146 930 3208 in
941 3146 1085 3226 negotiis,
1106 3142 1166 3205 for-

248 3229 343 3294 titudo
365 3230 396 3292 in
421 3228 577 3312 periculis,
605 3227 752 3290 industria
776 3227 806 3290 in
833 3228 963 3312 agendo,
985 3229 1122 3292 celeritas
1140 3223 1168 3284 in

248 3311 447 3390 conficiendo,
470 3311 629 3373 consilium
651 3310 683 3372 in
705 3311 904 3391 providendo,
924 3329 991 3393 qum
1011 3318 1092 3376 tanta
1106 3310 1167 3374 sunt

248 3398 279 3460 in
298 3396 357 3460 hoc
372 3413 444 3473 nno,
467 3400 577 3477 quanta
592 3393 623 3456 in
642 3394 780 3458 omnibus
795 3395 922 3477 reliquis
935 3395 1166 3477 imperatoribus,

202 3499 325 3562 30quos
349 3485 399 3546 aur
420 3479 548 3542 vidimus
564 3478 614 3540 aut
627 3477 805 3556 andivimus,
828 3497 890 3542 non
910 3477 1039 3542 luerunt.
1077 3473 1165 3542 'lestis

147 3614 150 3622 1
248 3571 295 3628 est
315 3564 409 3641 ltalia,
433 3581 521 3644 quam
545 3561 598 3625 ille
618 3563 687 3645 ipse
710 3563 817 3640 victor,
835 3562 869 3624 L.
885 3562 980 3641 Sulla,
1003 3561 1092 3626 buius
1107 3561 1163 3623 vir-

287 3713 296 3745 ¹
318 3713 463 3780 disciplina.
527 3709 541 3742 ⁸
566 3727 612 3762 em
639 3713 665 3762 in
691 3711 815 3762 exercitu.
880 3709 893 3742 ⁸
921 3705 1004 3761 Eu·
1021 3707 1084 3762 belli
1105 3720 1162 3760 esse-

285 3781 299 3814 ⁴
319 3783 384 3832 soni.
404 3781 488 3832 ἂνω.
505 3805 536 3816 -
556 3780 712 3832 civitatibus.
749 3779 761 3810 ⁵
781 3777 813 3828 Ε.
832 3779 940 3831 -mil
960 3794 1018 3846 pos.
1056 3779 1068 3812 ⁰
1088 3777 1118 3830 Ε.
1137 3773 1162 3826 ll·

282 3851 338 3903 edd.
356 3860 414 3903 cett.
435 3876 467 3888 ··
487 3865 534 3916 par
553 3865 591 3901 or.
644 3848 656 3880 '
677 3849 708 3901 tt.
727 3873 762 3885 -
777 3848 883 3916 dignum
903 3849 957 3902 illo.
