2490 4316
295 204 348 260 ara
482 159 486 164 ¹
636 200 935 274 onnrro

183 359 231 432 15
248 380 283 433 uo
384 343 514 458 Populi¹
554 375 675 457 quidem
709 373 833 452 llomaui
868 367 979 448 iudicia
1010 376 1101 440 multa
1123 376 1194 439 nobo

294 460 427 538 habetis,
465 459 572 540 quibus
604 476 659 522 ros
691 476 751 522 non
785 458 857 522 satis
887 461 1003 536 moueri
1033 460 1195 542 permoleste

293 543 370 609 fero.
418 543 498 618 Quid
520 542 600 606 enim
620 542 837 624 gladiatoribus
860 542 1009 619 clamores
1041 545 1195 610 innumera-

292 628 396 692 bilium
418 624 552 690 civium?
587 627 658 706 quid
686 625 790 707 populi
818 627 950 690 versus?
987 627 1061 709 qnid
1082 626 1195 706 Pompeii

293 717 396 778 statua
417 710 550 791 plausus
580 708 712 778 infiniti?
761 709 832 789 quid
853 709 972 784 duobus
994 711 1121 777 tribunis
1141 709 1195 790 ple-

291 795 350 873 bis,
374 793 426 872 qui
446 793 533 855 vobis
555 791 775 856 adversantur?
800 811 945 873 parumne
964 794 1028 856 brec
1050 792 1196 876 significant

293 876 510 944 incredibiliter
540 877 777 954 consentientem
806 877 911 957 populi
934 877 1061 946 Romani
1082 876 1195 938 uniuersi

293 959 500 1026 voluntatem?
544 957 647 1034 Quid?
691 959 911 1039 Apollinarium,
933 961 1074 1027 ludorum
1095 960 1195 1041 plausus

292 1042 342 1105 vel
372 1042 540 1109 testimonia
571 1042 673 1122 potius
702 1047 732 1104 et
753 1042 863 1107 indicia
876 1044 987 1125 ,populi
1008 1044 1133 1124 Romani
1151 1059 1196 1122 pa-

291 1143 358 1188 rum
381 1145 429 1190 ma
453 1143 489 1187 na
511 1124 597 1187 robis
619 1125 820 1188 ridebantur?
862 1124 889 1188 0
913 1127 1018 1196 beatos
1043 1128 1128 1204 illos,
1149 1124 1195 1204 qni,

292 1228 383 1292 quum
410 1146 518 1272 agesse
543 1207 618 1289 ipsis
648 1214 773 1290 propter
795 1209 855 1275 uiua
877 1225 1028 1277 armorum
1054 1227 1115 1272 non
1136 1209 1209 1270 boc·

180 1321 186 1334 ¹
290 1294 362 1372 bat,
400 1291 523 1356 aderaut
552 1298 650 1354 muron
682 1298 713 1354 et
741 1291 772 1353 in
793 1291 934 1356 medullis
964 1294 1073 1375 populi
1092 1289 1195 1354 Romani

291 1395 327 1442 ao
345 1375 513 1438 visceribus
534 1373 703 1439 baerebantl
731 1374 796 1438 Nisi
816 1375 896 1441 forte
910 1375 1006 1440 Accio
1032 1383 1095 1439 tum
1115 1371 1195 1456 plaudi

291 1465 322 1526 et
342 1458 534 1542 sexagesimo
556 1463 626 1540 post
647 1475 726 1521 anno
749 1459 878 1539 palmam
909 1459 991 1538 dari,
1027 1478 1091 1524 nou
1112 1458 1194 1530 Bruto,

289 1543 457 1626 putabatis;
501 1541 642 1623 'quisuis
671 1541 776 1604 ludis²
813 1543 854 1605 ita
887 1549 1000 1621 oaruit,
1041 1550 1075 1606 ut
1105 1537 1194 1604 iuillo

290 1626 520 1709 apparatissimo
549 1624 722 1706 spectaculo
753 1625 883 1698 studium
911 1626 1045 1708 populns
1066 1626 1194 1702 Romanas

290 1710 459 1772 tribuerct³
488 1708 621 1785 absenti,
654 1705 837 1770 desiderium
868 1705 1040 1777 liberatoris
1067 1711 1113 1776 sui
1138 1722 1194 1788 per·

289 1798 380 1877 petuo
402 1792 510 1874 plausu
531 1797 562 1854 et
583 1791 715 1854 elamore
737 1791 854 1870 leniret.

243 1892 278 1939 ar
378 1875 524 1956 Equidem
548 1875 574 1938 is
598 1893 683 1954 sum,
707 1874 759 1956 qui
779 1875 853 1938 istos
874 1876 1015 1957 plausus,
1030 1893 1130 1958 ¹quum
1148 1887 1193 1953 po-

288 1959 481 2042 putoribus*¹
496 1958 611 2020 civibus
635 1955 849 2036 tribuerentur,
876 1977 998 2040 semper
1019 1966 1192 2036 contempse·

288 2044 362 2118 rim;
406 2041 563 2120 idemque,
598 2058 689 2123 quum
711 2043 729 2104 a'
752 2042 894 2120 summis,
932 2041 1060 2120 mediis,
1096 2037 1193 2110 inlinis,

289 2144 379 2206 quum
404 2123 534 2206 denique
557 2122 593 2186 ab
616 2123 767 2187 universis
786 2123 846 2190 boc
874 2125 953 2189 idem
978 2123 1029 2201 lit,
1064 2136 1193 2207 quumque

288 2210 329 2286 ii,
363 2209 415 2289 qni
439 2213 508 2270 ante
528 2207 616 2288 sequi
637 2207 742 2290 populi
764 2225 944 2272 consensum
967 2209 1122 2286 solebant,
1153 2203 1192 2266 iu-

311 2292 392 2368 iunt,
421 2307 483 2352 nou
503 2291 640 2372 plausum
663 2290 766 2368 illum,
795 2290 850 2354 sed
871 2292 1013 2356 iudicium
1034 2299 1117 2374 puto.
1154 2287 1192 2352 Sin

288 2311 356 2440 {ec
378 2375 494 2438 leviora
521 2374 608 2438 robis
636 2373 793 2451 videnum,
829 2392 895 2455 quo
927 2379 996 2441 sunt
1023 2373 1191 2456 gravissima,
1229 2395 1230 2437 t

287 2477 358 2522 num
387 2458 476 2522 etiam
507 2457 567 2522 boc
601 2457 810 2536 contemnitis,
847 2459 928 2541 quod
956 2459 1113 2537 sensistis,
1148 2462 1191 2516 turc

286 2561 387 2606 caram
410 2541 523 2624 populo
546 2539 680 2603 Romano
701 2541 790 2602 vitam
813 2537 850 2603 A.
875 2541 963 2604 Hirtii
987 2541 1108 2606 luisse?
1146 2537 1189 2602 Sa-

287 2625 325 2688 tis
347 2631 411 2687 erat
433 2624 529 2699 enirn,
550 2622 707 2704 probatum
728 2623 813 2685 illum
839 2643 908 2687 esse
929 2626 1044 2708 populo
1066 2625 1190 2694 Romano,
1228 2655 1229 2664 κ

286 2715 318 2772 ut
338 2713 401 2786 est,
425 2708 585 2771 iucundum
607 2705 729 2782 amieis,
755 2707 786 2778 iu
808 2724 868 2789 quo
891 2711 984 2773 uiucit
1006 2726 1129 2785 ormnes,
1149 2721 1189 2765 oa·
1228 2707 1229 2743 t

286 2809 353 2854 rum
378 2791 453 2870 suis,
475 2790 583 2871 quibus
605 2796 653 2852 cst
676 2789 868 2857 carissimus:
892 2797 1003 2855 tantam
1022 2797 1118 2854 tamen
1138 2785 1189 2850 sol-

286 2873 471 2939 licitudinem
493 2873 659 2952 bonorum,
693 2877 806 2936 tantum
833 2874 969 2942 timorem
1000 2877 1030 2937 in
1059 2891 1118 2956 quo
1137 2886 1188 2932 me·

241 2958 449 3028 neminimus?
495 2955 639 3018 Certein
664 2955 756 3019 nullo.
801 2955 879 3032 Quid
901 2949 1019 3040 igitur?
1064 2958 1119 3021 boo
1138 2969 1188 3019 vost
1227 2955 1228 3049 l

286 3056 342 3122 per
364 3041 437 3103 deos
458 3038 659 3104 immortalesl
685 3040 774 3120 quale
792 3042 842 3118 sit,
863 3059 924 3104 nou
945 3031 1187 3123 interpretamini?

290 3123 369 3200 Qud
399 3140 454 3188 cos
477 3125 515 3188 dc
539 3130 639 3186 vestra
668 3123 728 3185 vita
757 3125 893 3206 cogitare
923 3127 1072 3204 censetis,
1100 3119 1188 3204 quibus

285 3225 408 3284 eorum,
445 3224 522 3289 quos
543 3212 666 3286 sperant
692 3207 737 3268 rei
758 3206 887 3290 pubbcae
905 3209 1112 3284 consulturos,
1143 3201 1187 3263 titt
1226 3259 1227 3262 ,

285 3297 345 3358 tam
366 3307 437 3354 cara
458 3289 525 3354 sit‘l
773 3350 776 3356 ,
898 3343 900 3350 .
1226 3315 1227 3355 t

281 3411 285 3428 »
377 3371 452 3456 Cepi
482 3372 631 3449 fructum,
672 3376 790 3454 patres·
805 3371 984 3456 conscripti,
1023 3364 1186 3436 reversionis

285 3473 370 3533 merc,
392 3458 532 3540 quoniam
558 3463 589 3520 et
609 3473 645 3518 ea
667 3455 739 3531 diri,
762 3461 804 3534 ut,
828 3457 999 3540 quicunque
1018 3459 1105 3520 'casus
1125 3467 1185 3512 con-

285 3545 406 3603 secutus
428 3547 520 3622 esset,
553 3545 684 3602 exstaret
706 3541 880 3603 constantie
903 3560 977 3605 meae
997 3536 1183 3604 testimonium
1225 3623 1226 3660 1

324 3735 387 3788 ¹132
404 3737 502 3804 populi,
547 3737 758 3790 ²Vct-lud.
777 3739 837 3790 suis.
884 3737 1042 3793 'tribuerit
1085 3737 1181 3798 ⁴tl0'

320 3803 461 3870 putoribus.
