2490 4316
99 217 122 307 J
245 221 786 295 rururraronsuouunn.
919 225 1012 288 aar·

55 401 123 488 quid
152 387 321 486 suppliciis
339 403 479 468 omnibus
507 403 654 488 dignius?
685 385 772 467 ‘Numi
785 403 788 410 ’
801 407 973 486 exspectas,

57 489 122 551 dum
145 493 174 550 te
194 488 320 551 stimulis
343 487 478 551 fodiam?
520 489 592 551 llaec
610 495 660 566 te,
693 487 720 550 si
744 487 835 550 ullam
858 494 973 568 partem

57 573 145 634 babes
166 589 284 648 sensus,
305 571 428 650 lacerat,
450 572 515 635 baeo
537 578 675 634 cruentat
698 573 806 634 oratio.
844 569 973 649 Vereor,

56 673 93 716 ne
112 656 281 716 imminuam
312 665 496 718 summorum
525 654 825 752 virorumgloriam.
870 654 974 716 Dicam

57 743 160 826 umen,
192 737 298 800 dolore
319 745 494 802 commotus.
538 738 617 813 Quid
637 738 790 820 indignius
815 755 903 819 quam
924 739 974 800 vi-

57 837 126 882 vere
154 838 240 898 eum,
285 822 337 903 qui
357 822 536 902 imposuerit
558 821 712 900 diadema,
755 839 845 904 quum
869 839 974 884 ornnes

57 902 200 966 fateantur
221 905 287 966 iure
307 904 496 968 interfectum
518 923 606 982 esse,
643 907 693 987 qui
718 905 888 968 abiecerit?
935 904 1020 967 Atssi

57 987 141 1048 etiam
161 988 292 1051 adscribi
313 989 403 1050 iussit
422 990 456 1052 in
479 989 564 1052 lastis
582 989 619 1051 ad
636 989 824 1070 Lupercalia,
849 987 882 1050 0.
903 987 975 1050 Ooe-
1035 1034 1038 1042 .
1077 1009 1082 1065 ;

58 1072 136 1143 rori,
172 1070 317 1133 dictatori
333 1077 499 1152 perpetuo,
535 1073 576 1135 M.
598 1071 781 1145 Antonium,
811 1071 976 1146 emundent,

55 1154 153 1232 populi
174 1156 261 1216 iussu
282 1173 408 1234 rapnnm
425 1155 579 1229 ambare,
602 1154 756 1217 Coesnram
771 1157 817 1217 uti
831 1157 975 1218 noluisse.

59 1235 170 1299 lamiam
193 1238 316 1300 minime
343 1238 458 1318 miror,
477 1281 479 1295 .
495 1245 525 1302 te
555 1241 647 1302 otium
676 1239 871 1321 perturbare3
913 1252 976 1302 nou

59 1319 141 1381 modo
163 1321 269 1384 urbem
293 1322 411 1399 odisse,
433 1322 598 1385 sedetiam
621 1321 738 1400 lueem3
779 1341 846 1385 oum
869 1321 976 1403 perdi-

59 1402 172 1466 tissimis
191 1405 358 1468 latronibus
380 1422 442 1468 non
465 1406 564 1470 solum
595 1407 633 1470 de
657 1406 725 1485 die,
756 1407 812 1469 sed
834 1407 922 1469 etiarn
943 1405 975 1468 in

59 1485 130 1548 diem
151 1487 264 1550 vivere.
312 1487 368 1550 Ubi
390 1490 469 1552 enim
493 1490 578 1553 tuin
603 1507 680 1570 pace
707 1489 882 1552 consistes?
923 1488 975 1570 qui

60 1566 137 1631 locus
157 1571 211 1633 tibi
234 1571 265 1632 in
287 1571 407 1654 legibus
427 1579 457 1634 et
479 1573 511 1636 in
529 1573 649 1646 iudiciis
669 1589 738 1635 esse
757 1578 876 1654 potest,
908 1587 975 1653 quae

60 1655 104 1730 tn,
140 1661 281 1735 quantum
304 1656 335 1717 in
357 1663 387 1718 tc
409 1655 485 1735 luit,
518 1656 671 1720 dominatu
693 1657 780 1738 regio
802 1655 975 1720 sustulisti?
1015 1683 1033 1702 ν

60 1732 162 1825 bicone
182 1737 215 1800 L.
241 1737 420 1818 Tarquinius
444 1747 579 1817 exactus,
601 1740 652 1821 sp.
668 1738 803 1818 Cassius,
823 1738 874 1820 Sp.
888 1738 976 1800 blae-
1087 1775 1092 1788 ι

61 1815 158 1897 1ms1,
191 1821 229 1885 bl.
254 1821 381 1884 blanllus
407 1824 525 1902 necati,
554 1829 586 1885 ut
606 1823 706 1886 multis
729 1830 801 1904 post
821 1823 934 1884 seculis
958 1839 976 1884 a

60 1897 93 1961 bl.
114 1901 263 1983 Antonio,
296 1905 378 1986 quod
402 1905 449 1969 las
470 1924 532 1970 non
553 1912 617 1984 est,
649 1905 835 1982 ronllomae
859 1905 977 1968 consti-
1068 1974 1085 1994 ,

60 1985 209 2049 tueretur?
258 1986 319 2052 Sed
351 1987 389 2052 ad
419 1991 554 2072 auspicia
581 1990 761 2066 redcamns3
807 1989 846 2053 de
867 1988 1023 2070 quibuscs
1039 1973 1089 2047 30
1146 1989 1184 2004 ““

61 2066 143 2131 rebus
164 2070 265 2135 idibus
288 2071 402 2135 blartiis
425 2072 482 2136 luit
509 2075 540 2137 in
571 2081 678 2138 senatu
708 2073 808 2136 Caesur
837 2079 977 2146 acturust

62 2165 165 2230 auaro,
193 2161 254 2218 tum
284 2160 316 2218 tu
347 2156 418 2239 qnid
450 2157 625 2240 egisses?¹
663 2156 831 2220 Audiebam
856 2153 978 2238 quidem

64 2233 237 2314 toparatum
261 2240 394 2318 venisse,
418 2242 499 2322 quod
522 2260 571 2304 me
592 2241 631 2304 de
651 2241 800 2307 ementitis
824 2239 979 2320 auspiciis,

64 2316 162 2394 quibus
176 2327 274 2386 tamen
289 2341 400 2404 parere
419 2343 548 2388 necesse
564 2331 638 2402 erat,
656 2331 778 2406 putares
792 2341 862 2386 csse
879 2323 979 2384 diclu-

63 2413 131 2484 ttlm.
175 2404 302 2469 Sustulit
329 2407 413 2469 illum
444 2409 523 2474 diem
554 2407 673 2472 fortuna
701 2407 806 2490 populi
832 2405 978 2490 Rornani3

65 2497 125 2545 num
146 2484 236 2552 etiam
258 2495 341 2553 tuum
363 2490 402 2554 de
424 2492 567 2573 auspiciis
589 2491 732 2557 iudicium
755 2491 891 2554 interitus
906 2483 978 2550 Ce-

64 2568 131 2629 saris
158 2573 305 2635 sustulit?
348 2574 410 2638 Sed
436 2576 529 2638 incidi
561 2575 592 2638 in
614 2575 644 2638 id
665 2581 801 2656 tempuS,
835 2571 917 2655 quod
939 2571 978 2632 iis

64 2649 162 2730 rebus,
194 2657 321 2738 inques
344 2659 484 2740 ingressa
506 2664 571 2722 erat
591 2659 708 2737 oratio,
741 2654 978 2740 prevertendum

65 2736 111 2794 est
143 2736 215 2809 Quae
239 2745 290 2802 tua
313 2739 398 2823 iuga,
419 2759 487 2822 quae
506 2742 638 2804 formido
659 2741 806 2824 praeclaro
825 2740 878 2804 illo
903 2737 978 2800 die?

64 2829 121 2890 utu
137 2828 261 2904 propter
281 2825 497 2888 conscientiam
518 2826 670 2906 scelerum
691 2824 862 2906 desperatio
886 2821 979 2884 vite?

65 2912 145 2974 quum
164 2922 206 2966 ex
230 2907 282 2970 illa
305 2905 378 2990 iuga
395 2908 543 2971 beneficio
567 2927 682 2986 eorum,
704 2910 755 2990 qui
776 2916 817 2986 te,
837 2907 863 2970 si
887 2921 979 2968 sanus

65 2994 158 3062 asses,
189 2989 306 3052 salvum
329 3007 399 3054 esse
422 2991 601 3070 voluerunt,
630 2992 712 3054 clarn-
729 2998 758 3053 te
781 2991 902 3053 domum
924 3006 978 3050 re-

65 3066 169 3144 cepisti.
218 3071 244 3133 0
275 3093 342 3137 mea
371 3074 484 3138 trustra
516 3093 637 3157 semper
661 3075 819 3137 verissima
851 3072 1023 3154 augrrriaso

66 3161 153 3213 rerum
173 3153 359 3220 futurarum!
402 3159 546 3221 Dicebam
569 3159 629 3221 illis
658 3159 689 3221 in
717 3157 868 3240 Capitolio
898 3157 977 3218 libe-

67 3235 203 3300 autoribus
223 3242 354 3318 nostris,
374 3259 466 3323 quum
488 3261 536 3304 mo
556 3242 593 3306 ad
614 3248 644 3304 te
668 3243 714 3304 ire
737 3242 864 3318 vellent,
886 3244 917 3301 ut
940 3236 978 3300 ad

68 3309 273 3384 defendendam
303 3342 368 3386 rem
395 3326 546 3406 publicam
578 3333 609 3388 te
639 3327 834 3402 adbortaror,
878 3321 978 3403 quoad

69 3403 222 3483 rnotncros,
256 3409 355 3470 omnia
386 3416 416 3471 ta
437 3411 671 3489 promissurum,
702 3409 791 3471 simul
814 3408 978 3468 aetimare

69 3473 205 3576 deoisses,
235 3490 362 3553 similem
382 3500 411 3554 te
433 3493 564 3555 lutrarum
588 3494 639 3555 tui.
684 3494 786 3573 ltaque
807 3508 896 3570 qurum
921 3507 978 3550 oo-

69 3563 311 3636 terrconsularos
334 3577 428 3654 irent,
456 3577 608 3656 redirent,
637 3579 668 3640 in
689 3575 838 3640 sententia
861 3573 978 3644 mausi;

70 3687 282 3722 '‘Q-s*-

101 3756 107 3787 ¹
133 3761 183 3816 Vul-
196 3793 230 3804 ··-
244 3771 328 3838 Spurii
350 3772 462 3840 Cerasias,
481 3775 597 3828 Maelius.
635 3777 647 3807 ²
669 3776 781 3830 Hecate
793 3776 975 3838 interpuncta:

96 3831 229 3891 redeamus.
266 3842 304 3895 lla
325 3844 419 3912 quibus
441 3873 471 3884 -
491 3852 605 3912 acnuus,
627 3864 715 3916 quaro
736 3857 791 3902 tan
807 3863 845 3882 2·-
863 3847 972 3912 egisses.
