2546 4310
863 323 971 375 XXXV

91 467 169 538 dam,
192 469 239 540 qui
264 467 329 526 aiibi
352 469 380 525 in
405 471 559 526 enarrando
581 483 659 542 poene
684 471 763 540 nimis
786 479 848 528 sunt
862 473 965 531 'faciles
988 493 1021 532 ao

91 552 253 622 patientes,
278 567 358 624 quum
375 552 462 622 liant,
489 569 513 609 sa
535 553 564 609 in
585 549 742 610 huiusmodi
760 556 952 629 ¹suspicionem
976 559 1021 616 in·

90 633 171 689 drrcti
197 639 277 705 sunt,
310 633 442 691 difficiles
473 652 505 690 ac
530 635 635 691 morosi
657 636 742 691 etad
766 653 811 693 res
834 646 944 713 apertas
966 642 1022 699 mi-

88 717 221 788 nimeque
242 717 369 773 Insolitas
390 718 428 773 ita
451 717 649 788 adhaerescunt,
673 719 751 790 quasi
773 737 917 794 numquam
939 730 1019 781 antea

87 799 239 871 quidquam
255 795 505 870 animadverterint,
522 806 648 856 ettamen
657 801 740 857 iidem
748 808 872 874 quantas,
887 811 916 872 qt
925 807 1019 880 opini-

86 897 161 937 ones
178 900 241 938 snas
252 889 462 956 persequantur,
486 890 700 940 commentorum
712 885 915 944 incredibilium
931 890 1019 946 moles

84 969 243 1020 exstruant.
288 965 343 1021 Sed
367 966 483 1039 primum
513 967 554 1022 rei
584 966 727 1022 historiam
756 982 906 1026 narremus.
950 971 1017 1029 Nam

83 1063 172 1118 quum
185 1047 214 1104 F.
228 1047 262 1104 A.
274 1047 393 1104 Wolsrns
413 1053 504 1106 notem
525 1049 599 1105 illam
617 1053 747 1122 quattuor
759 1052 913 1108 orationum
930 1069 1017 1110 aceu-

82 1129 275 1186 sationem'ita
287 1132 452 1203 peregisset,
469 1139 497 1188 ut
507 1149 578 1188 nune
586 1131 706 1204 quidem,
723 1132 856 1205 quidquid
867 1134 902 1190 de
912 1135 972 1208 ipsa
985 1137 1016 1194 r'e

81 1213 228 1284 statuitur,
248 1213 405 1270 cautionem
423 1213 451 1270 in
463 1231 545 1271 cansa
558 1216 736 1288 praeparanda
749 1221 778 1270 et
788 1217 821 1271 ab
841 1219 914 1274 omni
936 1225 1016 1292 parte

82 1295 290 1352 consideranda
308 1302 336 1352 et
352 1297 509 1354 mehercule
524 1298 607 1354 etiam
623 1297 811 1369 subtilitatem,
834 1299 884 1356 sed
897 1301 1015 1359 maxime

80 1378 113 1433 in
145 1378 220 1451 ipsn'
238 1379 372 1435 libertatis
395 1380 490 1453 specie
514 1380 668 1436 libertatem
690 1380 726 1436 de
748 1381 905 1453 eloquentia
928 1382 1014 1442 Cice-

79 1461 202 1517 roniana
227 1463 453 1534 orationibusque
476 1468 541 1534 post
562 1462 688 1520 exsilium
709 1463 812 1520 habitis
829 1464 919 1538 deque
937 1473 1013 1526 motu

79 1544 191 1616 antiqui
215 1545 350 1601 sermonis
366 1550 443 1600 reete
459 1544 599 1602 iudicandi
613 1544 694 1601 valde
705 1545 903 1618 desideremus,
924 1547 1012 1606 Eich-

78 1625 210 1685 staedtius
229 1625 269 1699 (a.
289 1628 383 1696 1802)
407 1627 435 1685 in
454 1642 568 1683 censura
583 1626 646 1684 libri
665 1627 808 1699 Wolfiani,
829 1627 924 1686 sinon
942 1631 1012 1689 alias

78 1708 231 1766 Ciceronis
259 1710 420 1780 orationes,
453 1710 548 1766 saltem
580 1725 660 1766 unam
692 1725 727 1766 ex
758 1709 926 1770 Catilinariis
955 1713 1010 1774 sibi

76 1792 164 1849 simili
185 1792 363 1848 damnatione
384 1793 497 1864 dignam
521 1792 610 1850 videri
632 1791 820 1866 significavit3
854 1793 899 1851 cui
924 1794 1009 1854 facile

77 1875 203 1933 Wollius
226 1877 374 1932 obsecutus
397 1877 488 1932 statim
510 1876 619 1932 tertiam
641 1875 789 1947 damnavit,
812 1893 926 1949 eamque
946 1889 1009 1938 rem

75 1965 180 2030 postea
205 1959 233 2015 in
254 1958 357 2016 scholis
381 1959 606 2040 sermonibusque
627 1959 665 2013 ila
687 1957 879 2031 significabat,
910 1966 940 2017 ut
961 1969 1009 2020 ant

77 2041 211 2114 omnino,
245 2057 306 2114 qua
328 2048 419 2114 esset,
445 2042 581 2099 incertum
602 2041 790 2113 relinqueret,
819 2049 967 2101 autunum
990 2063 1008 2102 e

75 2124 185 2181 duabus
208 2123 305 2180 mediis
324 2141 387 2181 esse
403 2125 520 2182 diceret.
552 2123 643 2197 Atque
655 2124 710 2182 boc
724 2130 819 2181 tenens
835 2123 947 2184 Gladius
965 2127 1006 2202 (a.

77 2204 174 2276 1826)
197 2207 350 2281 Woltiique
363 2223 402 2265 ‘sa
424 2208 589 2266 sententiam
603 2207 733 2280 persequi
756 2207 881 2279 credens,
904 2224 1006 2268 secon-

74 2289 142 2346 dom
163 2291 285 2364 spuriam
302 2308 363 2347 esse
385 2291 439 2348 sibi
457 2290 532 2348 visus
551 2297 593 2348 est
608 2289 808 2361 demonstrare,
829 2291 903 2348 visus
919 2294 1005 2354 etiam

74 2374 122 2429 nni
144 2381 174 2431 et
196 2374 276 2431 alteri
297 2381 441 2448 praeterea.
475 2373 531 2430 Sed
547 2374 630 2447 paulo
647 2377 711 2446 post
730 2375 769 2440 (a.
788 2373 881 2442 1827)
893 2374 1023 2434 lienes-¹

73 2456 138 2514 kius
160 2453 302 2527 ostendit,
333 2457 430 2516 Wollii
459 2456 546 2530 ipsius
566 2455 658 2513 verbis
679 2470 716 2512 ex
745 2453 864 2530 epistola
885 2458 1003 2528 quadam

73 2540 204 2612 prolatis,
229 2540 340 2596 tertiam
359 2541 393 2596 ab
412 2540 462 2598 illo
479 2539 664 2611 significatam
685 2553 759 2597 csse.
802 2538 911 2596 Interea
935 2542 1002 2616 qni-

72 2622 189 2680 busdam
205 2630 309 2696 quarte
326 2623 515 2697 displicuerat,
533 2623 759 2692 Zimmermanno,
777 2620 904 2690 Blochio,
921 2639 1000 2684 eam.
1101 2661 1107 2670 .
1140 2659 1142 2668 ,
1176 2622 1180 2633 ’

74 2722 128 2778 que
150 2706 279 2762 miseram
299 2706 451 2764 Abrensius
469 2707 509 2778 (a.
529 2701 623 2776 1832)
645 2702 747 2776 capitis
765 2701 915 2780 damnavit,
937 2711 1000 2765 ter.

72 2789 138 2845 tiam
170 2789 249 2845 simul
276 2789 452 2846 damnatione
473 2789 502 2844 in
530 2793 700 2858 transcursu,
717 2787 887 2860 complexus.
940 2789 999 2848 Po.

73 2877 178 2929 stremo
203 2871 323 2929 Orellius
346 2873 386 2940 (a.
402 2867 507 2948 1838),
530 2871 641 2944 opinor,
664 2885 698 2926 ne
719 2868 804 2936 foeda
823 2867 998 2946 ridiculeque
1025 2942 1031 2952 ⁵

73 2962 147 3013 esset
170 2955 218 3012 illa
239 2954 405 3012 iudiciorum
437 2953 642 3024 inconstantia,
674 2968 769 3008 omnes
800 2957 857 3008 tres
886 2954 997 3026 spurius

73 3053 132 3094 esse
157 3037 300 3095 iudicarit.
341 3036 475 3095 0bstabat
495 3037 559 3093 bnie
581 3034 686 3092 iudicio
701 3038 802 3110 preter
822 3035 878 3092 elia
898 3042 995 3096 vetera
1083 3081 1086 3086 -

72 3121 250 3193 testimonia,
281 3137 341 3195 qnae
370 3120 455 3177 facile
485 3117 699 3188 reiiciebantur,
731 3115 819 3192 ipsius
848 3117 995 3179 ciceronis

72 3204 241 3274 auctoritas,
277 3203 324 3277 qni
355 3201 385 3260 in
407 3201 488 3277 epist.
516 3200 552 3260 ad
572 3199 658 3260 Attio.
679 3200 744 3258 libr.
768 3198 811 3272 11,
841 3199 858 3260 1
886 3209 994 3284 septem

72 3303 132 3343 suas
173 3288 334 3344 consulares
367 3287 508 3344 orationes
543 3277 740 3342 commemorat
769 3283 861 3340 multis
898 3285 993 3344 verbis

72 3377 253 3443 quattuorque
286 3368 460 3426 Catilinarias
493 3367 652 3441 singulatim
687 3371 843 3429 enumeret,
895 3365 992 3440 ltaque

71 3452 136 3509 nibil
159 3452 235 3510 aliud
250 3452 368 3525 relinqui
386 3451 543 3523 videbatur,
565 3445 617 3507 nisi
639 3455 669 3506 nt
688 3448 719 3505 id
732 3452 893 3521 statuerent,
915 3449 992 3522 quod

71 3536 184 3592 credere
206 3552 287 3592 nemo
310 3542 422 3610 posset,
453 3551 534 3591 veras
556 3532 701 3590 Ciceronis
723 3532 864 3588 orationes
886 3532 915 3586 in
937 3548 989 3588 ee-

72 3615 215 3676 lebestima
239 3635 321 3676 causa
337 3618 445 3675 babilas
461 3619 516 3674 iam
525 3617 650 3687 Augusti
664 3619 790 3688 tempore
813 3613 898 3681 (adeo
916 3615 988 3673 eninr
1033 3654 1035 3658 .

73 3703 194 3775 antiquas
224 3718 286 3758 esse
313 3702 383 3773 iras,
409 3717 486 3774 quas
509 3700 657 3770 habemns,
685 3694 843 3754 Absensius
867 3698 988 3754 eonfite-

72 3786 124 3851 tnr)
146 3786 184 3842 ita
207 3784 372 3857 evanuisse,
407 3784 533 3842 utlalsre
557 3782 709 3840 subiiciet
739 3778 869 3852 probari,
910 3782 985 3838 nullo
1015 3825 1019 3836 ,

758 3930 786 3980 c·
