2490 4316
278 245 557 314 rururbrren
582 243 739 314 ru'rrra
920 265 973 318 roo

57 447 184 516 nagnam
206 428 282 496 mibi
308 429 466 496 ridebatur
491 430 621 514 gloriam
649 434 839 496 consecutus.
886 432 973 501 llunc

57 517 142 598 igitur
162 521 196 577 ut
217 531 383 598 sequerer,
403 515 586 598 properavi,
610 531 699 596 quem
722 521 887 596 presentes
909 537 974 584 nom

56 607 119 662 sunt
138 599 254 677 secuti,
283 617 345 662 non
366 605 399 663 ut
419 597 599 680 proficerem
621 597 733 680 aliquid
756 598 868 681 (neque
891 603 971 668 euim

55 682 205 764 sperabam
237 682 289 759 id,
321 693 390 746 uec
409 687 552 766 prestare
580 680 748 762 poteram),
782 682 838 745 sed
862 688 912 762 ut,
942 683 971 749 si

56 766 119 846 quid
149 765 222 828 mibi
251 764 421 830 humanitus
452 765 612 828 accidisset
636 765 745 846 (multa
781 772 879 830 autem
909 767 970 832 im-

56 848 180 928 pendere
207 849 348 914 videotur
374 855 485 931 preter
515 854 651 912 naturam
682 849 771 913 etiam
799 855 971 932 preterque

56 929 168 1012 lotum),
202 931 293 996 buius
314 940 414 996 tamen
437 931 499 996 diei
520 949 626 1018 vocem
649 937 755 996 testem
774 933 820 994 rei
840 933 969 1015 publicu
1014 996 1015 1002 ,

56 1015 248 1095 relinquerem
270 1034 346 1082 mee
366 1020 519 1098 perpetue
539 1032 614 1096 erga
633 1033 668 1078 se
689 1015 862 1080 voluntatis.

135 1097 284 1172 Quoniam
305 1100 460 1180 utriusque
481 1097 601 1162 consilii
616 1114 747 1176 oausam,
769 1103 871 1196 patres
888 1115 966 1164 con·
979 1112 1011 1162 ιι

55 1178 168 1261 scripti,
187 1181 355 1263 probatam·
371 1181 458 1246 vobis
480 1199 550 1245 esse
572 1179 709 1261 conlido,
732 1199 907 1264 priusquam
928 1182 968 1246 de

55 1265 219 1344 republica
240 1265 345 1328 dicere
369 1264 492 1348 incipio,
515 1282 612 1346 pauca
635 1281 745 1347 querar
765 1265 803 1328 de
825 1265 968 1332 hesterna

54 1344 88 1408 bb
106 1347 227 1411 Antonii
249 1349 359 1412 iniuria
365 1369 375 1426 3
400 1349 449 1411 eui
470 1366 536 1412 sum
558 1347 682 1427 amicus,
705 1347 796 1430 idque
816 1367 865 1412 me
885 1365 968 1412 uou-

55 1429 129 1492 nullo
156 1431 221 1499 eius
252 1431 355 1494 oliioio
383 1431 495 1496 debere
516 1449 586 1496 esse
606 1449 670 1513 pre
690 1448 739 1494 me
759 1449 823 1494 sem
846 1449 881 1496 er
903 1431 967 1496 tuli.
1072 1465 1077 1472 -

56 1510 125 1584 Quid
143 1515 265 1582 tandem
286 1520 352 1594 erat
374 1533 491 1592 cause,
526 1509 581 1576 eur
608 1515 639 1575 in
664 1519 800 1596 senatum
825 1451 967 1578 basterna
1030 1502 1055 1572 b

56 1594 99 1656 die
117 1603 173 1660 tam
195 1598 307 1664 acerbe
328 1597 484 1682 cogerer?
512 1595 643 1662 solusne
664 1595 811 1659 aberam?
843 1615 882 1660 an
904 1615 968 1661 non

55 1694 129 1758 saepe,
148 1681 246 1745 minus
277 1681 452 1764 frequentes
484 1679 611 1743 fuistis?
650 1698 688 1744 an
716 1696 753 1742 ea
775 1697 827 1744 res
851 1679 968 1762 ageba-

56 1764 112 1838 tur,
133 1767 165 1826 ut
188 1766 276 1830 etiam
299 1770 431 1848 egrotos
451 1762 566 1826 deferri
586 1761 767 1844 oporteret?
809 1761 968 1841 Hannibal,
1065 1812 1068 1820 ,

56 1844 147 1924 oredo,
170 1855 236 1912 erat
257 1847 428 1931 adportas,
460 1854 512 1910 aut
530 1845 569 1909 de
585 1845 697 1928 ,Pyrrhi
713 1863 789 1929 pace
810 1846 967 1929 agebatur,

55 1925 190 2009 adquam
212 1948 336 1995 causam
355 1932 444 1994 etiam
464 1929 596 2012 Appium
617 1929 719 2006 illum,
751 1935 782 1992 et
800 1947 915 2012 cecum
936 1935 967 1993 et

55 2025 163 2091 senem,
199 2015 337 2095 delatum,
362 2032 434 2078 esse
460 2015 612 2076 memoriae
638 2011 789 2095 proditum
815 2017 871 2076 est.
919 2011 966 2076 De
979 2023 1014 2073 ια

55 2095 313 2175 supplicationibus
332 2097 538 2176 referebatur,
567 2113 628 2180 quo
649 2098 681 2160 in
703 2113 819 2193 genere
840 2101 966 2160 senato-

8 2183 9 2190 ’
55 2190 100 2238 res
119 2178 224 2244 deesse
246 2199 311 2246 non
332 2181 441 2244 solent.
487 2177 643 2262 Coguntur
664 2197 745 2243 emm
765 2196 829 2242 nou
851 2178 966 2263 pigno-

55 2257 139 2339 ribus,
161 2264 215 2328 sed
234 2281 353 2340 eorum,
381 2264 419 2327 de
439 2263 594 2344 spuereml
619 2261 775 2326 honorea
800 2262 868 2342 itur,
890 2280 967 2346 gra..

56 2339 105 2435 lit,
126 2347 204 2425 quod
222 2348 304 2412 idem
325 2346 383 2424 iit,¹
398 2364 489 2427 quum
510 2345 549 2408 de
569 2344 718 2426 triumpho
740 2282 881 2409 refertum.
922 2344 967 2409 lta

55 2438 113 2486 sine
133 2445 203 2493 eura
226 2431 376 2495 consules
392 2435 476 2506 sunt,
503 2435 538 2491 ut
556 2445 644 2510 pene
665 2426 791 2492 liberum
812 2429 852 2492 sit
871 2445 967 2491 seua-

56 2507 106 2568 tori
125 2528 184 2574 nou
202 2515 322 2578 edesse.
365 2511 423 2586 Qui
450 2529 541 2593 quum
564 2509 636 2574 mibi
660 2527 727 2574 mos
755 2517 846 2574 notus
874 2515 967 2590 esset,

56 2604 193 2674 mumque
217 2616 235 2660 e
263 2596 338 2659 via²
362 2594 538 2676 languerem
559 2599 589 2657 et
612 2593 744 2663 mihimet
765 2593 967 2674 displicerem,

43 2671 115 2752 'misi
134 2695 189 2757 pro
210 2680 350 2759 amicitia,
372 2679 423 2824 spui
441 2677 500 2740 boc
521 2679 550 2740 ei
569 2677 694 2740 diceret
735 2675 776 2740 At
796 2675 858 2755 ille,
879 2674 968 2740 vobis

57 2755 253 2843 audientibus,
284 2779 352 2827 cum
393 2760 474 2824 abris
495 2777 530 2824 se
551 2761 671 2825 domum
692 2777 790 2824 meam
809 2765 968 2823 vertunum

57 2851 118 2928 csse
144 2843 226 2909 dixit.
286 2843 381 2918 Nimis
412 2843 556 2909 iracunde
580 2843 640 2905 hoc
668 2843 790 2925 quidem
818 2847 849 2904 et
879 2841 969 2906 valde

57 2925 285 3006 tutemperanter.
329 2927 422 2990 Cuius
438 2927 517 2989 euim
536 2925 674 2990 maleficii
693 2931 774 2989 tanta
788 2925 847 2988 ista
865 2941 966 3006 poene

58 3008 114 3080 est,
146 3017 179 3072 ut
208 3012 310 3075 dicere
339 3012 371 3074 in
394 3010 453 3072 boc
475 3009 580 3072 ordine
603 3009 746 3088 auderet,
778 3005 967 3090 republicis

57 3089 968 3258 tonitrus‘tuttoorttosnutomeutr

255 3196 354 3242 omum

58 3260 218 3322 senatorem
249 3259 377 3324 coeit?
421 3264 472 3323 aut
501 3258 574 3341 quid
601 3265 648 3322 est
675 3259 754 3322 ultra
782 3257 894 3340 pignus
918 3259 969 3318 aut

59 3335 191 3404 multem?
240 3281 329 3418 Quofi
349 3344 376 3408 si
397 3342 525 3421 scisset,
559 3361 648 3426 qoam
670 3341 847 3406 sententiam
868 3337 969 3434 diotu-

57 3425 103 3478 rus
120 3438 235 3508 essem,
263 3427 432 3492 remisisset
453 3423 566 3508 aliquid
585 3423 726 3509 prolecto
748 3424 787 3488 de
807 3425 969 3486 severitate
1031 3481 1033 3492 ,

19 3505 209 3654 tert
226 3509 276 3574 ι’]
297 3528 346 3656 ιθ
369 3509 652 3656 ututur
671 3505 853 3656 iuuet
875 3499 1056 3650 ιιιωδ
1104 3604 1108 3610 -

59 3661 123 3727 talia
143 3613 211 3738 cuml
229 3611 500 3762 gssgglpoppigsfflbup
520 3609 744 3742 ntgggrentms‘t
768 3635 809 3741 ’ut
829 3605 970 3756 inexpiass

60 3773 275 3811 '’N—.-

94 3843 101 3874 ¹
124 3866 230 3918 quorum
249 3859 291 3914 de.
366 3861 379 3890 ²
400 3859 432 3912 dc
453 3862 501 3912 rie.

86 3976 130 4024 ωε·
149 3985 213 4036 Orat.
229 3995 278 4040 flet.
742 3999 775 4050 14
