2468 4318
310 223 358 280 ΙΝ
382 224 413 278 la
433 175 709 280 cnututnnbt.
941 227 977 278 bb

53 396 120 462 lium
139 395 385 480 prestolarentur
414 397 543 460 armati?
586 396 637 462 cui
671 395 767 462 sciam
796 398 915 477 pactam
933 399 975 474 ⁴ct

52 480 256 544 constitutam¹
286 499 355 544 cum
377 481 481 545 blallio
502 479 608 546 dem?
647 501 664 544 a
687 499 747 564 quo
769 480 860 543 etiam
882 478 972 562 aqui-

52 564 105 627 lam
137 565 218 628 illam
250 571 444 647 argenteam,
485 584 574 648 quam
601 565 656 628 tibi
686 583 722 628 ac
752 565 811 626 tuis
832 563 972 626 omnibus

50 650 244 729 perniciosam
267 665 337 711 esse
362 647 482 711 confido
505 649 567 720 ac²¹
585 649 736 712 funestam
757 646 897 723 suturam,
920 646 971 728 cui

50 731 122 794 domi
156 738 215 794 tuac
247 732 414 796 sacrarium
445 732 597 796 scelerum
627 738 748 796 tuorum
778 729 970 792 constitutum

49 813 107 892 fuit,
125 816 219 878 sciam
243 834 314 878 esse
339 815 550 896 praemissam?
575 817 620 879 'lu
641 821 674 878 ut
695 816 748 878 illa
768 829 876 876 carere
897 813 970 876 diu-

48 899 128 960 tius³
147 899 269 981 possis,
304 916 393 980 quam
414 901 554 962 venerari
576 899 614 962 ad
636 898 749 962 caedem
770 895 969 980 proficiscens

48 981 178 1059 solebas,
212 983 341 1046 aculus
364 983 506 1046 altaribus
527 1001 609 1066 saepa
631 984 716 1046 istam
741 981 862 1062 impiam
889 979 969 1044 dex·
1007 988 1014 996 '

47 1071 130 1126 taram
154 1065 191 1128 ad
223 1084 332 1130 necem
365 1067 475 1128 civium
506 1067 711 1130 transtulisti?
754 1065 815 1128 lbis
846 1062 1013 1126 tandem&
1032 1045 1081 1120 10

47 1147 208 1230 aliquando,
231 1167 293 1231 quo
315 1156 345 1212 tc¹
366 1151 608 1230 iampridem'tua
627 1151 686 1213 ista
704 1149 852 1231 cupiditas
870 1147 967 1210 cllrc-

46 1239 161 1295 nataae
183 1231 303 1296 furiosa
327 1233 472 1316 rapiebat.
519 1233 625 1316 Neque
642 1235 726 1296 ‘enim
749 1233 804 1296 tibi
826 1230 892 1294 haec
912 1249 964 1294 res
1050 1255 1053 1260 ·

46 1314 123 1376 affert
160 1316 319 1395 dolorem,
362 1317 417 1380 sed
456 1317 605 1398 quandam
635 1316 843 1380 incredibilem
873 1314 966 1377 volu-

47 1404 157 1478 ptatem.
202 1397 253 1462 Ad
276 1399 353 1462 hanc
376 1405 407 1472 te
429 1403 589 1464 amentiam
612 1407 717 1464 natura
739 1399 868 1482 peperit,
903 1415 963 1460 voa·

45 1480 132 1545 luntas
154 1483 304 1561 exercuit,
328 1482 450 1546 tortum
472 1485 613 1547 servavit.
655 1483 823 1566 Numquam
840 1487 877 1548 ,ιιι
898 1498 963 1544 non

45 1565 124 1628 nodo
152 1567 263 1644 otium,
298 1567 353 1630 sad
385 1585 424 1630 na
452 1566 565 1630 bellum
585 1567 706 1649 quidem
729 1566 789 1628 nisi
812 1563 962 1628 nefarium

45 1651 210 1731 concupisti.
264 1649 376 1712 Nactus
405 1668 440 1712 cs
467 1667 507 1712 cx
537 1651 663 1731 perditis
694 1655 783 1730 atque
810 1649 847 1710 ab
879 1647 962 1709 omni

44 1748 96 1793 non
113 1733 203 1796 modo
224 1732 367 1812 fortuna,
396 1751 501 1795 verum
521 1735 609 1796 etiam
629 1751 685 1815 spa
707 1732 860 1795 derelictis
883 1746 962 1791 con-

44 1811 130 1879 latam
150 1816 360 1899 improborum
384 1835 513 1879 manum.
555 1816 611 1880 Hic
633 1823 665 1879 tu
690 1835 749 1898 qua
764 1815 868 1878 laetitia
885 1823 1008 1894 par-ac

42 1895 160 1962 linere?
189 1900 302 1983 quibus
323 1900 443 1983 gaudiis
466 1900 658 1964 exsultabis?
684 1905 795 1983 quanta
815 1899 848 1960 in
868 1895 961 1962 volu·

43 1987 114 2060 ptate
139 1983 350 2062 bacchabere,
388 2001 479 2065 quum
508 1984 541 2046 in
571 1990 654 2047 tanto
684 1999 810 2046 numero
842 1988 960 2045 tuorum
1048 2055 1055 2068 ,

43 2081 131 2145 neque
154 2067 262 2130 audies
285 2067 382 2129 virum
403 2067 516 2130 bonum
541 2085 719 2150 quemquam
746 2082 846 2147 neque
868 2065 959 2127 vide-

43 2146 107 2209 bis?
135 2150 183 2214 Ad
204 2151 295 2213 huius
316 2151 383 2214 vitae
402 2150 532 2214 studium
557 2151 688 2216 meditati
710 2156 779 2215 sunt
800 2149 843 2212 illi
853 2148 880 2226 ⁴,
906 2145 959 2229 qui

42 2229 189 2312 lemntur,
226 2233 349 2296 labores
385 2235 446 2312 tui,
479 2234 582 2298 iacere
610 2234 692 2298 humi
722 2251 783 2297 non
807 2229 960 2296 modoad

43 2313 229 2381 obsidendum
253 2323 409 2399 stuprum,
438 2319 656 2383 verumetiam
678 2317 855 2381 adfacinus
879 2315 959 2378 obe-

42 2398 161 2480 undum,
190 2400 320 2484 vigilare
341 2417 404 2462 non
428 2400 525 2464 solum
547 2402 739 2464 insidiantem
760 2416 867 2464 somno
889 2417 959 2461 ma-

42 2480 165 2562 ritorum,
188 2503 292 2558 verum
317 2484 406 2546 etiam
421 2484 510 2546 bonis
530 2485 696 2548 otiosorum
707 2485 730 2546 1.
771 2481 881 2559 Habes,
905 2480 958 2544 ubi

42 2571 163 2630 ostentes
200 2568 282 2631 illam
314 2573 394 2630 tuam
422 2567 622 2648 praeclaram⁶
654 2567 827 2650 patientiam
857 2563 957 2642 lamis,

42 2643 165 2729 frigoris,
188 2651 300 2732 inopiae
314 2669 415 2713 rerum
430 2651 561 2714 omnium
569 2673 578 2728 3
603 2651 711 2733 quibus
728 2657 758 2713 te
774 2649 860 2712 brevi
874 2653 954 2710 tem·
994 2689 1000 2694 -

41 2745 107 2808 pora
127 2733 299 2798 conlectum
321 2752 391 2796 esse
408 2735 532 2798 senties.
580 2736 705 2798 'lantum
732 2731 858 2816 profeci
882 2737 1002 2810 tumn

41 2830 120 2891 quum
139 2823 169 2880 te
189 2837 207 2880 a
229 2818 389 2880 consulatu
410 2818 521 2899 repuli,
552 2824 585 2880 ut
607 2819 695 2881 exsrd
717 2817 818 2900 potius
839 2821 955 2878 tentare

41 2913 117 2974 quam
140 2901 249 2964 consul
268 2919 382 2966 vexare
405 2919 469 2963 rem
492 2901 644 2982 publicam
667 2917 787 2983 posses,
812 2905 902 2980 atquc
923 2903 966 2980 ut¹

41 2977 75 3055 id,
94 2984 170 3063 quod
192 2989 275 3048 esset
298 3004 315 3047 a
337 2991 367 3046 te
392 2984 540 3064 scelerata
557 2991 742 3067 susceptum,
764 2982 954 3047 latrocinium

40 3065 128 3141 potius
152 3086 241 3148 quam
263 3067 376 3130 bellum
400 3069 615 3131 nominaretur.

117 3147 220 3229 Nunc,
257 3154 289 3214 ut
317 3170 334 3214 a
362 3170 428 3229 me,
461 3159 564 3234 patres
587 3151 770 3235 conscripti,
804 3148 953 3233 quandam

41 3243 124 3310 prope
145 3234 254 3297 iustam
285 3235 390 3316 patriae
422 3235 640 3316 querimoniam
670 3235 802 3306 detester
828 3251 865 3296 ac
894 3232 952 3295 da-

41 3326 154 3393 precer,
173 3319 336 3400 percipite,
361 3335 474 3399 quaeso,
497 3318 676 3401 diligenter,
700 3337 767 3400 quc
788 3317 901 3394 dicam,
923 3319 953 3378 ct

42 3409 73 3454 ea
108 3401 224 3478 penitus
262 3403 369 3466 animis
409 3403 517 3465 vestris
555 3403 764 3483 mentibusque
804 3400 952 3463 mandate.

42 3473 153 3560 Etenim,
175 3484 202 3546 si
228 3504 344 3548 mecum
367 3485 475 3568 patria,
505 3503 571 3568 quae
591 3487 664 3548 mibi
685 3487 747 3549 vita
766 3502 835 3557 mest
857 3483 951 3544 11111110
1067 3513 1070 3518 ’

42 3565 80 3620 ιιι
105 3567 219 3645 carior,
256 3570 283 3632 si
316 3576 422 3634 cuncta
452 3570 555 3648 ltalia,
588 3571 615 3632 si
638 3569 735 3632 omnis
758 3565 952 3649 respublica

42 3658 254 3683 κ..-
856 3681 859 3688 ι

74 3701 82 3732 ¹
101 3708 171 3761 codd.
188 3735 220 3747 -
238 3715 403 3766 constitutam
423 3728 491 3764 esse.
548 3713 563 3746 ¹
584 3711 658 3764 codd.
676 3736 712 3748 -·
730 3719 764 3763 ct.
820 3708 833 3739 ¹
854 3708 951 3760 diutius

72 3787 162 3829 furere·
199 3780 212 3811 ⁴
233 3783 306 3834 codd.
324 3807 359 3820 ·-
376 3783 413 3837 illi
438 3790 505 3835 sunt.
552 3784 564 3816 ⁵
587 3785 762 3836 occisorum·
784 3780 796 3814 ⁶
816 3778 872 3832 edd.
890 3787 950 3833 cett.

72 3866 99 3882 ἰ
118 3850 262 3912 praeturam
285 3861 362 3908 tuam.
