2468 4318
264 244 352 302 PRO
377 245 500 303 LEGE
528 243 744 303 Maureta,
936 250 968 300 sl

34 418 272 504 proponeretis.
330 417 396 482 Hoo
424 418 452 482 si
484 436 553 484 vos·
572 425 687 483 temere
719 415 835 482 iaeistis
865 422 897 480 et
925 416 1018 480 reios

33 505 166 588 pubiioae
189 519 301 585 parum
322 503 538 583 consuluistis,
566 512 652 567 recte
674 503 725 568 isti
748 501 846 566 studia
870 508 973 564 vestra

35 589 97 652 suis
120 587 270 650 oonsiliis
291 603 403 670 regere
429 593 593 664 conantum
634 588 682 652 sin
705 592 803 650 summ
825 602 882 648 vos
903 585 973 666 plus

35 678 96 734 tum
118 672 151 732 in
173 669 360 751 re'publioa
381 671 518 750 vidistis,
549 689 623 750 vos,
655 669 702 735 his
723 669 973 752 repugnantibus,

33 772 89 836 per
108 755 323 835 vosmetipsos
354 752 530 836 dignitatern
560 755 631 817 bnio
663 753 810 836 imperio,
843 751 973 816 salutem

35 838 101 899 orbi
121 842 280 900 terrarum
304 837 459 914 attulistis,
503 837 666 920 aliquando
691 837 740 902 isti
762 836 917 919 principes
942 842 974 898 et
1046 833 1050 840 '

33 920 91 982 sibi
126 927 158 982 et
193 921 311 984 ceteris
342 922 451 1002 popuii
482 919 610 985 Romani
636 921 772 986 universi
802 919 974 983 auctoritati

34 1004 206 1086 parendum
232 1021 303 1067 esse
325 1003 485 1068 fateantur.
533 1005 634 1088 Atque
656 1007 687 1069 in
709 1005 769 1068 hoo
790 1003 873 1066 belia
896 1001 973 1067 Asi-

35 1090 112 1150 atioo
145 1095 178 1150 et
201 1088 295 1171 regio
318 1105 380 1150 non
399 1089 499 1170 solum
523 1091 661 1170 militaris
686 1089 739 1153 illa
759 1087 876 1165 virtus,
905 1102 977 1166 qne
1101 1103 1103 1110 ’

35 1176 79 1232 est
108 1171 143 1234 in
168 1171 229 1234 Gn.
254 1170 400 1252 Pompeio
433 1171 616 1256 singularis,
663 1172 718 1236 sed
751 1172 819 1235 aiiae
850 1175 984 1253 qnoqua‘

35 1255 159 1317 virtutes
192 1254 289 1317 animi
318 1255 418 1323 multae
441 1261 472 1318 ot
491 1273 610 1340 magma
629 1257 834 1338 requiruntur.
880 1251 974 1314 biiii-

34 1337 90 1398 aile
112 1344 161 1400 est
186 1337 221 1401 in
243 1336 330 1415 Asia,
353 1337 471 1416 Cilicia,
494 1339 583 1421 Syria
607 1340 775 1423 regnisque
794 1337 974 1402 interiorum

35 1422 190 1484 nationum
216 1423 260 1485 ita
282 1421 399 1484 versari
420 1424 582 1486 nostrum¹
601 1425 834 1505 imperatorem,
866 1425 901 1483 ut
920 1420 972 1483 ni·

35 1501 75 1565 bil
96 1505 181 1568 aliud
208 1503 296 1568 nisi²
323 1505 361 1568 de
387 1503 475 1568 hoste
498 1525 534 1568 ao
556 1506 595 1570 da
618 1504 708 1570 laude
737 1506 863 1588 cogitet.
904 1503 972 1566 De-

36 1587 103 1650 inde
122 1589 248 1653 etiamsi
270 1589 321 1669 quii
342 1594 412 1651 sant
432 1589 550 1670 pudore
582 1605 631 1652 ao·
643 1588 842 1670 temperantia
861 1585 973 1648 mode-

37 1672 182 1750 ratiores,
229 1678 331 1735 tamen
359 1687 416 1733 eos
448 1687 517 1734 esse
546 1673 623 1736 tales
654 1677 780 1754 propter
801 1669 972 1732 multitudi-
1021 1667 1022 1676 ’

36 1770 102 1816 nem
124 1756 309 1838 cupidorum
332 1754 485 1818 hominum
507 1773 598 1818 nemo
620 1757 791 1818 arbitratur.
838 1751 1018 1816 Diiiieiieti⁶
1083 1787 1084 1794 κ

37 1843 80 1898 est
98 1838 192 1919 dictu,
217 1839 362 1914 Quirites,
387 1845 501 1920 quanto
521 1841 554 1902 in
575 1840 646 1903 odio
669 1839 762 1903 simus
785 1836 865 1920 apud
881 1842 972 1898 exte-

37 1923 253 1988 manationes
277 1927 403 2004 propter
425 1939 551 2002 eorum,
584 1941 662 2006 quos
693 1921 731 1985 ad
758 1939 810 1985 eas
834 1937 891 2002 per
912 1919 972 1992 hos
1028 1932 1032 1948 ‘

39 2020 131 2068 annos
153 2023 226 2068 oum
251 2006 379 2087 imperio
404 2006 558 2085 misimus,
593 2006 736 2070 libidines
760 2012 795 2068 et
812 2002 971 2067 iniurias³.

40 2084 123 2158 Quod
145 2092 231 2155 enirn
255 2089 358 2152 fanum
378 2090 488 2170 putatis
510 2089 541 2153 in
561 2091 621 2155 iilis
637 2090 728 2153 terris
743 2088 855 2152 nostris
870 2087 971 2169 magi-

39 2171 177 2236 stratibus
198 2172 399 2255 religiosum,
426 2191 515 2254 quam
534 2174 685 2238 civitatem
708 2178 859 2251 sanatam,
923 2189 972 2232 am

40 2251 155 2317 domum
185 2257 282 2324 satis.
299 2257 434 2318 clausam
468 2275 504 2318 ao
533 2259 676 2325 munitam
704 2256 826 2322 inisse?
899 2253 971 2317 rbes
1064 2263 1067 2269 ·

40 2335 94 2397 iam
111 2338 284 2422 locupletes
304 2357 340 2402 ao
361 2340 497 2422 copiosae
517 2343 722 2422 requiruntur,
747 2339 857 2422 quibam
878 2355 972 2403 eausa

41 2416 108 2482 balli
136 2429 266 2506 propter
296 2423 460 2505 diripiendi
488 2425 682 2506 cupiditatem
710 2422 866 2492 iniamus.
913 2421 1016 2483 Li-sa

41 2499 142 2567 benten·
170 2507 238 2570 haee
270 2524 373 2569 emam
404 2524 473 2570 eum
505 2507 540 2580 Q.
562 2506 670 2580 Catulo
695 2513 726 2570 et
748 2507 783 2580 Q.
807 2505 970 2568 dionensio

43 2583 243 2668 disputarem,
276 2591 401 2654 summis
429 2595 460 2652 et
483 2590 658 2662 clarissimis
682 2591 776 2666 viris3
821 2592 971 2651 noverunt
1088 2608 1090 2613 ·

44 2671 116 2733 enim
137 2675 293 2737 sociorum
314 2674 460 2752 uulnera,
507 2675 611 2737 vident
639 2691 745 2738 eoram
774 2672 971 2748 calandtates,
1042 2724 1050 2740 ,

44 2756 241 2830 querimonias
276 2757 409 2820 audiunt.
458 2756 519 2820 Pro
541 2759 636 2821 sooiis
658 2775 714 2822 vos
737 2761 844 2820 eontra
866 2754 971 2817 hostes

44 2840 203 2904 exercitum
232 2841 350 2902 mittere
380 2842 511 2922 putatis,
553 2859 593 2904 an
624 2842 755 2904 bostium
778 2839 970 2903 simulatione

45 2927 143 2984 sonna
164 2924 268 2988 socios
292 2930 381 3005 atque
398 2924 538 2987 amieos?
562 2925 636 2998 Qua
652 2919 759 2988 civitas
775 2923 868 2986 estin
883 2923 970 3000 Asia,

47 3017 106 3079 qua
127 3023 189 3070 non
210 3007 301 3071 modo
319 3009 513 3090 imperatoris
536 3015 586 3072 ant
607 3008 711 3092 legati,
732 3007 787 3072 sed
804 3006 895 3070 unius
911 3005 970 3066 tri-
1060 3067 1069 3090 ι

46 3080 248 3180 bonimilitum
262 3091 427 3154 animosae
443 3092 567 3173 spiritus
585 3109 696 3173 capere
713 3090 834 3174 possit?
857 3089 971 3166 Quare,

48 3171 155 3236 etiamsi
178 3194 267 3257 quem
288 3175 424 3252 habetis,
460 3176 512 3254 qui
540 3175 659 3238 collatis
690 3175 787 3260 signis
818 3173 970 3237 exereitus

47 3253 143 3347 regios
159 3277 307 3340 superare
323 3276 417 3340 possa
431 3258 580 3345 videatur,
601 3266 712 3338 tamen,
733 3259 792 3322 nisi
809 3259 866 3321 erit
880 3256 970 3333 idem,

50 3349 94 3412 qm
115 3341 156 3400 u⁴
171 3345 173 3348 ’
186 3342 324 3425 pecuniis
354 3341 526 3420 sociorum,
574 3345 626 3424 qni
655 3344 692 3406 ab
722 3359 828 3405 eorum
859 3339 971 3402 eoniu-

50 3415 130 3494 gibus
153 3443 188 3488 ao
209 3427 333 3504 liberis,
367 3426 420 3506 qui
442 3425 478 3488 ab
501 3428 687 3491 ornamentis
710 3426 861 3488 fanornm·
879 3427 971 3502 atque

51 3503 231 3589 ⁰ppidorum,
254 3511 305 3591 qni
327 3509 364 3571 ab
385 3525 460 3572 auro
485 3528 622 3593 gazaque
644 3511 731 3594 regia
752 3525 869 3585 manus,
890 3520 969 3566 oeu-

52 3575 109 3664 ios,
129 3593 257 3658 animum
276 3593 421 3656 cohibere
441 3595 560 3679 possit,
581 3612 644 3658 non
668 3595 726 3658 erit
747 3592 894 3670 idoneus,
915 3587 969 3669 qui

52 3705 268 3740 Ἢ
402 3711 405 3718 ,

84 3783 138 3846 1Ε.
153 3796 235 3850 Η.-
256 3810 382 3855 vestrum.
434 3800 655 3870 'ib-quam.
710 3797 770 3855 ’ἢ
794 3797 849 3852 Gal.
870 3799 968 3851 -ini

82 3872 108 3910 tt
125 3863 192 3923 iibid.
246 3871 260 3904 ⁴
277 3875 344 3925 coru.
363 3873 492 3927 Baaeeba'a'.
508 3881 543 3910 ’-
562 3873 607 3939 qui
626 3889 655 3924 se
675 3888 698 3924 a.
