2546 4310
846 251 991 304 XXXVII
1072 247 1075 260 '

117 395 259 455 licentiam
271 404 299 454 et
310 399 339 454 in
355 397 505 458 dubitando
514 401 720 478 credulitatem!
742 402 818 474 Ergo
829 404 892 462 Tiro
908 419 963 461 non
974 421 1042 462 nar·
1068 415 1072 430 ·

16 487 20 496 '
116 482 206 537 raudo
225 479 279 539 sibi
295 481 369 538 iiiam
390 499 448 539 rem
471 484 663 542 celebrandam
678 488 795 560 putarit,
818 487 877 556 sed,
902 488 948 558 qui
966 501 1042 545 nun-

115 579 199 636 qnam
209 563 323 620 verbum
334 565 362 620 in
374 573 510 624 conventu
527 567 665 625 hominnm
682 570 797 625 fecisset
811 585 864 625 nec
879 571 1041 627 oratiuncu-

116 647 174 721 lam
198 647 366 719 scripsisset,
389 650 568 722 petroniani,
593 652 688 707 summi
707 653 837 723 oratoris,
859 653 967 709 laudern
983 654 1041 710 suis
1120 681 1131 708 x

43 781 47 786 .
114 729 291 787 orationibus
304 731 363 786 eius
378 733 481 798 nomini
498 732 678 790 subiiciendis
695 736 848 805 augendam
864 736 1041 794 existimauit.
1097 791 1102 798 ,

116 811 248 880 Quidni?
278 813 362 884 idem,
385 815 432 887 qni
452 833 523 872 nnnc
546 817 646 889 ubique
668 818 783 874 miseras
798 819 905 876 Tironis
923 819 1041 892 ineptias
1104 835 1108 846 ’

113 894 323 968 deprehendit,¹
338 903 430 954 tamen
453 905 533 954 antea
555 905 678 974 propter.
693 901 743 958 has
767 917 877 974 qnoque
900 902 1041 959 orationes

104 978 280 1052 ¹Ciceronem
309 980 459 1037 admiratus
480 988 533 1040 est.
580 977 646 1039 Sed*
661 984 732 1039 hanc
760 983 935 1041 Tironiano·A
958 985 1042 1040 iabu-

110 1062 169 1117 lam
192 1062 266 1128 (sino
287 1079 340 1136 quu
362 1070 453 1120 tamen
470 1080 516 1121 res
537 1081 592 1122 non
616 1063 758 1140 procedit)
782 1067 923 1141 paulisper
942 1068 1041 1123 dimit-

109 1149 212 1212 tamus,
224 1145 432 1220 videamusque,
447 1148 587 1220 quomodo
603 1149 755 1207 Ahrensius
774 1151 943 1222 testimonio,
965 1149 1041 1224 quod

109 1227 187 1301 apud
209 1227 372 1286 Ciceronem
395 1230 430 1286 de
451 1230 611 1288 Catilinaria
628 1239 725 1304 quartu
743 1234 862 1307 reperiri
884 1231 1039 1306 videbatur,

109 1309 147 1366 ad
170 1310 245 1367 iilam
268 1311 355 1385 ipsam
377 1315 589 1386 oppugnandam
610 1333 674 1372 usus
696 1317 733 1372 sit
754 1317 795 1390 (p.
807 1319 848 1372 40
861 1318 943 1389 sqq).
971 1316 1039 1373 Num

108 1393 188 1467 quod
210 1392 311 1452 Cicero
332 1394 359 1450 in
382 1402 452 1454 orat.
475 1398 591 1472 Philipp.
614 1399 638 1453 ll
662 1406 783 1456 extrema
806 1401 840 1472 (§
858 1397 933 1471 119)
952 1399 1040 1457 dicit:

107 1474 221 1534 Abhinc
244 1493 335 1534 conos
352 1495 443 1551 prope
463 1481 563 1551 cipintr'
591 1479 644 1537 irco
664 1482 726 1554 ipso
756 1483 786 1540 in
815 1481 917 1554 templo
937 1483 1041 1554 ospaci

104 1573 195 1631 posse
214 1561 333 1616 mortem
351 1562 528 1619 immaturam
549 1579 611 1620 esse
630 1564 793 1634 consulari,
816 1572 922 1636 quanto
943 1566 1038 1624 cemus

107 1657 188 1698 nnnc
216 1641 327 1714 scopabo
356 1647 437 1700 senii
471 1645 631 1710 significare
654 1653 765 1712 putatur
786 1647 900 1699 cundem
923 1655 1038 1704 senten.

107 1724 177 1780 tiam
191 1722 229 1778 in
258 1722 386 1779 oratione
409 1729 506 1796 quarta
529 1721 689 1779 catilinaria
716 1724 736 1790 §
760 1724 780 1778 3
801 1722 937 1795 positam,
982 1722 1036 1780 iiio

107 1801 195 1862 etiam
217 1797 329 1861 cassius
349 1801 393 1883 (p.
416 1807 477 1861 449
499 1800 599 1882 Reios.)
620 1805 784 1862 Ciceronem
801 1805 937 1860 dicentem
958 1804 1037 1878 iacit,
1098 1787 1105 1812 “

106 1905 139 1946 sc
162 1889 219 1945 hoc
240 1891 381 1946 consulem
401 1889 514 1948 dixisse.
555 1887 612 1946 Sed
634 1888 786 1946 Airrensius
808 1889 923 1962 primum
943 1888 1037 1960 docet,

106 1963 248 2029 Romanos
276 1971 305 2028 in
327 1989 459 2029 annorum
483 1971 635 2029 intervallis
657 1970 848 2045 computandis
869 1971 985 2045 primum
1008 1977 1037 2028 ct

106 2062 277 2130 postremum
305 2070 403 2111 annum
431 2060 484 2128 'pro
515 2055 603 2128 plenis
637 2071 751 2112 numero
782 2053 1036 2126 comprehendere,
1076 2123 1079 2132 1

106 2139 158 2209 ita,
182 2136 258 2212 qnod
281 2138 384 2204 Cicero
406 2155 430 2196 a.
452 2129 492 2202 63
516 2155 541 2192 a.
564 2138 614 2196 Ch.
632 2136 772 2208 dixisset,
816 2137 846 2193 id
867 2154 928 2194 eum
949 2154 975 2194 a.
993 2139 1035 2195 44

70 2217 75 2224 ’
106 2237 163 2280 non
186 2221 311 2293 potuisse
335 2237 551 2278 commemorare
568 2237 660 2294 prope
680 2221 780 2302 viginti
806 2220 884 2280 annis
905 2226 969 2276 unte
987 2219 1035 2278 di-

106 2312 194 2375 ctum,
218 2303 268 2360 sed
291 2321 404 2377 prorsus
429 2304 549 2381 viginti,
590 2307 690 2361 neca.
714 2305 754 2363 63
777 2303 940 2360 Ciceronem
963 2319 1035 2360 con-

105 2388 246 2458 sularem,
270 2387 320 2443 sed
342 2386 604 2460 commeminisse,
644 2403 781 2461 apparere
802 2386 907 2458 igitur,
927 2385 1034 2444 iliuda
1084 2430 1089 2439 .

107 2469 246 2527 Cicerone
270 2487 295 2525 a.
321 2471 427 2527 demum
450 2472 499 2542 62,
522 2469 618 2527 Silano
641 2475 669 2526 et
689 2470 801 2526 Murena
824 2485 907 2538 cosa,
930 2469 960 2524 in
980 2482 1053 2524 ne-·
1141 2504 1143 2508 s

106 2554 167 2609 scio
193 2568 248 2626 quo
268 2559 378 2609 senatus
403 2560 539 2610 conventu
562 2551 665 2609 dictum
680 2548 755 2622 esse,
776 2569 793 2609 a
810 2552 925 2608 falsario
943 2556 1034 2608 autem

106 2636 207 2692 inscite
239 2635 268 2692 in
300 2637 372 2694 hanc
404 2635 633 2694 declamationem
663 2635 806 2702 inclusum.
854 2632 885 2690 ln
917 2641 1035 2706 utroquo
1084 2703 1089 2716 ,

106 2725 270 2791 argumento
293 2721 419 2790 grauiter
444 2725 525 2783 errat,
567 2718 633 2776 Nam
655 2718 730 2792 quod
750 2716 864 2774 Romani
886 2718 915 2773 in
936 2733 1035 2774 nnme—
1098 2730 1101 2736 ·

105 2802 144 2858 ris
168 2801 340 2859 ordinatibns
358 2803 434 2859 iliam
456 2803 516 2858 iore
537 2801 671 2859 rationem
694 2808 853 2874 sequnntur,
874 2806 904 2857 nt
924 2801 1035 2858 tertium

106 2885 139 2941 nh
160 2883 257 2956 aliquo
278 2902 339 2943 eum
362 2886 473 2956 dicant,
513 2891 577 2940 ante
606 2901 687 2959 quem
717 2901 786 2941 unus
813 2883 974 2940 interiectus
997 2882 1035 2948 sit
1089 2941 1091 2948 ,

105 2969 185 3042 (qnia
209 2968 257 3023 hic
279 2970 356 3042 ipsc,
389 2969 435 3043 qui
458 2968 660 3042 interponitur,
685 2966 941 3044 secundusordine
966 2966 1034 3036 est),

105 3045 221 3123 diesque
243 3050 271 3106 in
294 3051 372 3107 fastis
397 3068 506 3125 semper
527 3051 568 3106 sic
585 3055 690 3121 notant,
714 3049 745 3107 id
766 3050 800 3106 ad
817 3065 944 3107 numeros
967 3063 1033 3105 oar·

106 3134 213 3190 dinaies
243 3133 327 3190 etad
349 3150 435 3194 annos
458 3134 494 3191 iis
524 3140 635 3191 notatos
664 3134 740 3191 nullo
771 3133 855 3192 modo
886 3129 1033 3188 transferri
1119 3135 1121 3143 '

105 3232 156 3296 pro
182 3216 246 3287 iege
268 3233 370 3291 posse,
409 3234 491 3292 quum
520 3217 548 3274 in
572 3216 608 3274 iis
630 3221 658 3274 et
679 3216 863 3274 inconstantia
885 3216 974 3273 maior
997 3213 1035 3271 sit

108 3303 136 3354 et
159 3299 246 3356 altera
268 3301 341 3358 ratio
370 3301 456 3358 ctiam
482 3301 675 3373 frequentior,
705 3299 777 3356 disci
807 3303 900 3373 potest
924 3313 960 3354 ex
986 3296 1033 3368 iis,

107 3397 166 3454 qua
196 3379 267 3440 tivit
299 3383 386 3456 (apud
418 3400 500 3457 quem
533 3384 594 3441 iera
629 3383 719 3439 scium
748 3383 830 3456 copia
859 3381 951 3453 aliqua
980 3395 1034 3436 ex·
1149 3421 1153 3430 κ

107 3465 261 3538 emptorum
283 3468 345 3533 est),
362 3473 538 3524 enarratores
560 3466 727 3523 adnotarunt
747 3464 782 3523 ad
803 3463 852 3533 lv,
875 3463 927 3534 20,
942 3463 979 3540 ,8,
992 3461 1033 3533 X,
1103 3461 1111 3480 ¹

106 3547 157 3617 31,
181 3549 231 3618 1⁰,
252 3549 340 3620 XXX,
359 3552 411 3622 44,
434 3551 450 3607 1
472 3556 501 3608 et
519 3549 551 3620 2,
572 3547 695 3619 XXXlll,
716 3550 768 3618 44,
788 3549 819 3617 ⁶2,
833 3544 913 3614 Xidi,
933 3547 982 3614 10,
1001 3547 1032 3603 5.

107 3626 214 3687 Abdico
235 3633 345 3706 quidem
368 3633 408 3689 ita
430 3635 513 3706 plano
534 3621 789 3707 tempns⁸cxactum
813 3627 970 3699 significat,
1000 3634 1030 3684 nt

107 3727 248 3788 numquam
269 3716 300 3774 id
319 3711 444 3788 Romani,
468 3715 521 3776 nisi
544 3716 617 3774 forte
638 3731 734 3774 errore
754 3711 926 3783 numerandi,
948 3711 1032 3768 aliter
