2546 4310
291 245 327 295 so
635 203 887 288 onsuro'

294 421 352 489 tur,
373 409 404 472 in
425 405 534 472 uestris
558 401 755 486 vectigalibus
777 402 957 466 exercendis
976 411 1152 486 occupatae3
1173 407 1216 488 qui

253 566 256 574 ,
295 495 332 560 nd
365 511 413 556 me
444 509 501 575 pro
533 486 775 564 necessitudine,
809 503 876 569 qum
903 486 976 549 mihi
1003 495 1052 549 est
1076 507 1147 551 cum
1169 491 1216 552 iilo

295 578 413 654 ordine,
434 591 554 639 causam
565 572 613 634 rei
628 571 756 653 publicae
769 570 973 653 periculaque
981 588 1084 633 rerum
1102 592 1217 636 suarum

265 663 479 728 odetulerunt:
522 655 685 736 Bithynio,
718 671 785 734 quae
815 671 896 716 nunc
930 659 1033 717 vestra
1065 657 1217 738 provincia

294 755 351 824 est,
372 745 457 806 vicos
483 745 608 804 exustos
626 755 696 800 esse
712 737 910 819 complures,
928 755 1056 820 regnum
1070 738 1216 804 Ariobar-

293 830 387 905 zanis,
413 823 494 909 quod
516 823 670 886 finitimum
695 827 742 884 est
761 821 873 884 vestris
896 821 1109 904 vectigalibus,
1131 830 1216 886 totum

293 930 364 978 csse
386 910 417 972 in
438 908 569 972 hostium
591 911 760 987 potestate3
793 904 961 984 Lucullum,
990 907 1111 988 magnis
1133 908 1216 969 rebus

293 996 403 1081 gestis,
423 993 459 1056 ab
490 1008 528 1055 eo
549 990 633 1052 bello
654 988 830 1064 discedere;
860 986 933 1050 huic
955 988 1005 1068 qui
1028 992 1216 1066 successerit,

293 1097 355 1144 non
367 1078 439 1140 satis
457 1093 527 1139 esse
541 1078 677 1156 paratum
694 1071 732 1134 ad
753 1077 865 1134 tantum
880 1069 992 1136 bellum
1008 1072 1217 1136 administran-

294 1165 381 1238 dum;
405 1178 498 1223 unum
518 1157 554 1220 ab
579 1155 720 1220 omnibus
741 1155 835 1218 sociis
860 1160 889 1218 et
912 1155 1027 1218 civibus
1049 1155 1089 1218 ad
1108 1157 1140 1219 id
1156 1157 1216 1218 bel-

295 1250 357 1311 lum
393 1245 609 1326 imperatorem
641 1238 767 1321 deposci
803 1245 893 1320 atque
926 1240 1046 1320 expeti3
1093 1241 1216 1303 eundem

294 1331 374 1394 hunc
394 1344 486 1391 unum
509 1325 547 1388 ab
569 1323 705 1386 hostibus
726 1323 828 1400 metui,
848 1328 994 1403 praeterea
1017 1323 1179 1388 neminem.

266 1423 283 1472 s
386 1409 485 1474 Causa
508 1407 651 1491 quaesit,
681 1406 808 1481 videtis3
849 1423 950 1482 nuno,
978 1404 1050 1486 quid
1073 1408 1216 1488 agendum

294 1496 352 1572 sit,
395 1494 596 1558 considerate.
645 1489 775 1552 Primum
808 1488 879 1550 mihi
908 1488 1025 1552 uidetur
1047 1489 1217 1572 degenere

294 1580 390 1659 belli,
421 1575 531 1642 deinde
556 1574 596 1639 de
625 1572 853 1655 magnitudine,
884 1577 945 1634 tum
976 1571 1015 1635 de
1038 1573 1217 1654 imperatore

295 1663 459 1748 deligendo
487 1676 558 1724 esse
586 1647 755 1720 dicandum.
803 1655 905 1718 Genus
933 1662 980 1722 est
1011 1657 1092 1718 enim
1123 1657 1213 1719 belli¹
1253 1715 1254 1718 ,

295 1745 463 1819 eiusmodi,
507 1740 590 1823 quod
628 1740 758 1802 maxime
789 1745 908 1802 vestros
940 1739 1056 1802 animos
1090 1741 1216 1802 excitare

296 1837 385 1912 atqua
407 1825 591 1890 inflammare
614 1821 652 1886 ad
680 1822 885 1904 persequendi
913 1821 1071 1885 studium¹
1104 1823 1216 1898 debeat,

293 1916 326 1978 in
344 1928 404 1994 quo
422 1910 520 1992 agitur
534 1904 641 1990 populi
657 1905 784 1968 Romani
804 1905 913 1988 gloria,
933 1923 999 1988 que
1013 1907 1101 1970 vobis
1119 1926 1137 1969 a
1155 1926 1217 1968 rna·

294 1997 411 2062 ionibus
436 2009 529 2074 quum
548 2007 658 2072 magua
680 1990 713 2052 in
729 1989 868 2052 omnibus
883 1989 1006 2066 rehus³‚
1030 1995 1092 2054 tum
1108 2007 1217 2053 summa

294 2083 327 2144 in
349 2097 384 2142 re
405 2073 525 2138 militari
547 2073 656 2136 tradita
673 2079 731 2149 est,
749 2073 848 2155 agitur
863 2073 946 2136 salus
961 2073 1116 2135 sociorum
1135 2080 1217 2155 atquc

256 2177 259 2185 ·
295 2163 479 2233 amicorum,
512 2174 569 2239 pro
593 2173 652 2237 qua
680 2156 774 2220 multa
796 2156 928 2218 maiores
947 2157 1040 2218 vestri
1060 2177 1171 2240 magna
1191 2163 1216 2217 et

317 2245 400 2307 rania
428 2241 509 2304 bella
537 2245 716 2324 gesserunt,
760 2245 889 2322 aguntur
916 2241 1085 2304 certissima
1115 2239 1216 2324 populi

294 2265 422 2390 Romani
445 2324 604 2408 vectigalia
630 2331 661 2386 et
682 2323 826 2400 maxima,
872 2319 980 2404 quibus
1011 2325 1150 2402 amissis,
1192 2328 1217 2384 et

294 2412 381 2493 pacis
403 2414 579 2472 ornamenta
602 2413 632 2469 et
654 2406 789 2470 subsidia
810 2405 885 2468 beili
906 2407 1088 2487 requiretis,
1123 2425 1215 2490 agun-

295 2501 344 2558 tur
365 2494 446 2557 hona
475 2491 635 2554 multorum
657 2491 785 2568 civium,
818 2490 926 2570 quibus
957 2496 1003 2552 est
1027 2509 1046 2553 a
1077 2489 1166 2554 vobis
1191 2494 1216 2550 et

224 2563 249 2636 3
267 2579 432 2661 ripsorum
454 2581 484 2638 et
504 2575 550 2636 rei
565 2574 695 2656 puhlicae
713 2591 804 2636 causa
820 2573 1045 2636 consulendum.
1088 2573 1126 2636 Et
1141 2591 1215 2656 quo·
1252 2589 1253 2608 ³

294 2663 376 2724 niam
398 2676 519 2743 semper
541 2662 719 2740 appetentes
740 2655 849 2738 gloria)
871 2663 982 2738 praeter
999 2663 1115 2720 ceteras
1143 2667 1215 2741 gen·

295 2752 341 2808 tes
363 2751 453 2824 atque
477 2741 556 2804 aridi
580 2740 677 2803 laudis
699 2738 810 2818 fuistis,
842 2739 971 2802 delenda
993 2741 1082 2803 vobis
1104 2749 1151 2804 est
1171 2740 1216 2802 illa
1252 2769 1253 2816 f

293 2827 412 2890 macula
434 2824 634 2888 Mithridatico
655 2823 737 2886 bello
756 2823 916 2904 superiore
937 2826 1122 2906 concepta4,
1159 2839 1216 2906 que
1252 2841 1253 2854 ¹

294 2912 416 2994 penitus
437 2911 497 2972 iam
521 2907 631 2970 insedit
653 2925 689 2969 ac
710 2907 826 2970 nimis⁶
863 2907 1041 2970 inveteravit
1062 2909 1094 2970 in
1117 2905 1214 2990 populi
1252 2929 1253 2972 3

294 2993 422 3058 Romani
439 2993 574 3070 nomine,
596 2991 679 3071 quod
701 2990 739 3066 is,
765 2990 816 3073 qui
835 3007 896 3052 uno
917 2990 966 3052 die
987 2996 1050 3054 tota
1071 2992 1158 3068 Asia,
1181 2994 1216 3051 tot
1252 2993 1253 3020 t

294 3079 326 3140 in
354 3076 546 3152 civitatibus,
586 3089 648 3137 uno
678 3074 784 3136 nuntio
809 3078 898 3154 atque
917 3092 978 3137 una
1003 3075 1216 3156 significatione

296 3160 486 3224 Ιίιιιιιιιιιιιιι6
511 3159 594 3220 cives
617 3156 769 3219 Romanos
792 3156 945 3232 necandos
970 3158 1216 3240 trucidandosque

295 3244 459 3320 denotavit,
490 3259 552 3306 non
573 3239 663 3302 modo
686 3239 784 3303 adhuc
802 3257 932 3323 poenam
954 3241 1067 3306 nullam
1092 3259 1151 3304 suo
1173 3242 1215 3303 di·
1251 3253 1252 3278 t

293 3345 383 3410 gnam
407 3326 526 3389 scelere
543 3323 686 3403 suscepit,
707 3324 763 3387 sed
778 3324 814 3388 ab
829 3324 882 3385 illo
895 3328 1031 3407 tempore
1044 3343 1153 3388 annum
1166 3327 1216 3386 iam
1251 3369 1252 3376 ι

294 3412 415 3473 tertium
438 3415 468 3470 et
491 3407 667 3470 vicesimum
689 3413 818 3490 regnat,
852 3412 884 3468 et
910 3408 951 3469 ita
976 3414 1101 3492 regnat,
1136 3417 1169 3473 ut
1187 3424 1216 3470 se
1251 3425 1252 3482 t

291 3511 354 3556 non
387 3492 499 3554 Ponti⁷
544 3503 645 3570 nequo
681 3488 882 3573 Cappadociae
911 3489 1036 3556 latebris
1068 3495 1216 3556 occultare
1251 3489 1252 3534 t

298 3675 301 3682 .
330 3633 339 3664 ¹
362 3633 394 3684 Ε.
416 3631 509 3694 vern,
534 3631 644 3684 atterum
660 3635 747 3701 oestip.
774 3659 809 3670 -
834 3643 876 3690 ‚eet
900 3633 972 3688 betti.
1027 3633 1041 3665 ²
1063 3634 1095 3687 E.
1118 3635 1170 3686 cat.
1186 3658 1215 3668 -

326 3712 357 3754 st.
393 3717 442 3753 ers.
502 3701 567 3753 ³13.
588 3727 621 3738 ·-
638 3703 719 3754 rebus
745 3703 877 3754 omnibus.
916 3703 946 3734 '⁴
966 3703 999 3756 Ε.
1024 3728 1059 3742 -
1089 3714 1214 3772 suscepta.

330 3773 342 3802 ⁶
387 3808 393 3822 .
419 3770 513 3831 Veni„
543 3771 608 3822 Hitt.
627 3796 662 3807 —
686 3773 782 3824 insedit
801 3781 879 3840 atque
898 3775 1061 3826 inveteravit
1119 3773 1214 3826 “codd

329 3837 382 3904 (E)
401 3839 457 3890 edd.
479 3849 537 3892 cett.
555 3867 590 3875 —
608 3841 685 3892 litter.
704 3843 814 3908 signitic.
869 3843 881 3873 ²
902 3843 933 3894 Ε.
954 3867 989 3880 -
1008 3843 1101 3896 Ponto.
