2490 4316
192 263 195 281 Ι
309 175 592 242 peremtum
616 175 773 239 Putria.
946 186 1000 239 215

78 349 169 422 audio
183 366 263 417 ¹osse
282 347 404 424 facturn
452 349 548 428 Video
577 354 694 428 auem,
723 369 811 432 ouum
840 350 879 420 sit
905 351 997 416 odo-s

75 451 142 496 sum
181 431 295 496 babere
323 435 440 498 -iraturn
462 433 606 508 „eundem
641 442 673 497 et
703 439 864 508 armatum,
906 454 997 516 quum

74 523 155 580 tanta
177 519 343 597 praesertim
369 517 539 600 gladiorum
563 518 601 580 sit
621 519 788 599 impunitas.
836 516 897 590 Sed
919 521 997 599 prod

71 618 188 682 ponam
207 601 271 678 ius,
301 607 332 666 ιιι
351 601 478 682 opinor,
507 619 644 682 aequum,
672 601 752 682 quod
768 601 810 664 bt.
834 601 996 676 nntpniun

70 701 135 746 non
164 683 293 746 arbitror
325 684 557 768 repudiaturum.
589 684 678 766 *Ego
709 685 738 750 si
761 685 838 764 quid,
854 685 885 754 in
908 686 996 751 ritant

69 768 140 828 eius
163 769 265 842 autin
288 785 390 830 mores
412 786 479 830 curn
504 769 682 842 contumelia
705 767 830 846 dinero,
852 784 912 846 quo
935 769 996 832 rni-

68 867 129 922 nus
151 849 223 911 mibi
246 850 469 915 inimicissimus
490 852 538 927 sit,
558 869 622 917 nou
641 851 798 919 recusabo.
842 850 895 914 Sin
916 865 995 917 con-

69 933 261 1008 suetudinem
282 945 396 1012 meam,
432 953 520 1015 quam
542 934 573 996 in
595 951 630 996 re
653 935 772 1014 publica
793 949 916 1016 semper
939 934 995 1007 ba-

68 1017 135 1092 bui,¹
154 1022 291 1094 tenuero,
315 1017 347 1080 id
369 1022 433 1093 est,
454 1017 481 1080 si
505 1017 619 1094 libere,
641 1035 708 1098 quae
731 1017 875 1095 sentiam,
901 1017 939 1083 de
960 1033 995 1079 re
1091 1034 1093 1045 ¹

68 1099 193 1186 publica
216 1098 334 1180 dixero,
355 1102 483 1186 primurn
506 1099 666 1182 deprecor,
689 1118 728 1163 ne
750 1101 906 1178 irascatur,
937 1099 995 1161 de-

67 1181 160 1258 inde,
194 1182 221 1246 si
249 1183 308 1246 boo
329 1201 392 1246 non
415 1185 560 1264 impetro,
597 1191 687 1264 peto,
710 1191 751 1256 ‘ut
772 1185 816 1246 sic
837 1184 994 1268 irascatur,

65 1271 100 1328 ut
127 1265 196 1326 civi.
244 1266 344 1328 Armis
366 1273 482 1346 ututur,
511 1268 538 1329 si
558 1267 598 1328 ita
620 1285 747 1332 necesse
771 1273 835 1344 est,
857 1273 891 1330 ut
912 1266 993 1341 dicit,

64 1349 118 1412 sui
140 1341 323 1411 defendendi
343 1367 455 1424 oauso;
487 1351 611 1431 iia-qui
632 1367 689 1430 pro
715 1350 900 1432 republica,
927 1349 994 1430 quae

66 1433 145 1514 ipsis
166 1433 245 1498 ¹visa
279 1440 389 1510 erunt,¹
417 1433 564 1508 dixerint,
605 1433 660 1496 ista
690 1452 772 1506 arma
793 1452 832 1496 ne
854 1438 993 1502 noceant.
1016 1476 1029 1495 2

66 1514 151 1588 Quid
182 1515 239 1578 hac
267 1516 467 1596 postulatione
501 1517 560 1580 dici
589 1522 690 1596 potest
721 1516 861 1596 aequius?
906 1514 1039 1588 Quodffl

65 1600 113 1676 si,
150 1605 184 1660 ut
213 1599 286 1661 mihi
317 1619 335 1662 a
366 1599 542 1681 quibusdam
573 1599 640 1667 eius
662 1597 858 1668 familiaribus
883 1598 1001 1663 dicum
1085 1639 1088 1647 ι

65 1686 131 1760 est,
174 1683 271 1756 omnis
299 1701 386 1758 eum,
428 1700 494 1762 quae
524 1681 650 1752 babetur
674 1688 778 1750 contra
811 1680 991 1748 voluntatem

65 1766 155 1843 eius,
192 1765 288 1828 oratio
320 1765 453 1847 graviter
480 1764 622 1839 offendit,
657 1764 773 1828 etiarnsi
803 1764 884 1829 nulla
913 1766 992 1828 inest

64 1848 267 1926 contumelia,
296 1847 429 1910 feremus
451 1849 538 1910 amici
562 1853 705 1910 naturam.
753 1843 813 1912 Sed
834 1847 924 1911 iidem
947 1845 992 1908 illi

64 1935 108 1994 ita
137 1949 272 1992 mecum:
318 1930 386 1994 Non
417 1931 497 1997 idem
527 1931 600 2008 tibi,
642 1931 815 1994 adversario
850 1928 991 2006 cesaris,

64 2014 187 2093 licebit,
224 2014 305 2096 quod
329 2014 450 2092 Pisoni,
486 2031 613 2091 socer03
656 2020 685 2076 et
714 2013 803 2077 simul
831 2013 991 2078 admonent
1064 2017 1068 2028 ¹

63 2097 228 2178 quiddam,
269 2097 350 2178 quod
365 2117 368 2125 ’
382 2099 553 2164 cavebimus
561 2117 570 2173 ;
614 2116 671 2160 nec
705 2097 762 2161 erit
791 2097 923 2162 iustior¹
958 2096 991 2157 in

64 2187 206 2246 senatum
232 2197 294 2244 non
321 2181 462 2244 veniendi
498 2182 595 2253 morbi
630 2199 721 2256 causa
754 2199 843 2261 quam
875 2179 990 2242 mortis.
1104 2185 1106 2192 '
1201 2239 1204 2246 .

63 2264 128 2329 Sed
146 2281 204 2345 per
222 2263 296 2326 deos
313 2263 513 2333 immortalest
541 2297 575 2310 -
600 2269 629 2326 te
646 2265 726 2326 enim
744 2264 873 2340 intuens,
894 2263 990 2328 Dola·
1002 2269 1036 2318 aa
1055 2246 1102 2319 12
1124 2273 1128 2284 ·

63 2347 160 2424 bella,
188 2349 239 2428 qui
261 2364 294 2410 es
316 2346 387 2410 mibi
410 2346 593 2424 carissimus,
622 2351 684 2411 non
707 2364 830 2427 possum
854 2347 892 2408 de
912 2346 991 2408 utri·
1028 2379 1037 2399 ι

62 2448 166 2510 usqne
190 2435 329 2493 'vestrum
359 2446 465 2494 errore
496 2429 643 2504 retioere;
690 2429 782 2492 credo
812 2429 892 2493 enirn
925 2445 991 2505 vos,

62 2514 188 2576 nobiles
218 2513 514 2595 homines,‚1uagna
544 2512 677 2593 quaedam
707 2517 895 2593 spectantes,
929 2528 991 2573 non
1082 2579 1085 2600 ,
1130 2521 1132 2528 ⁴

62 2597 237 2678 pecuniam,
259 2603 291 2664 nt
315 2595 434 2678 quidam
456 2596 544 2658 niinis
570 2595 685 2658 creduli
702 2597 899 2676 suspicantur,
925 2609 992 2674 qaae

62 2697 189 2760 semper
220 2679 257 2742 ab
289 2679 473 2760 amplissimo
505 2693 626 2759 quoque
655 2678 883 2758 clarissimoque
913 2694 991 2739 con-

62 2769 179 2844 tempta
201 2769 268 2840 est,
300 2781 362 2825 non
391 2779 467 2842 opes
497 2762 645 2824 violentas
671 2768 702 2824 et
721 2761 834 2842 populo
856 2759 991 2824 Romano

62 2845 190 2910 minime
212 2845 368 2910 ferendam
397 2846 579 2926 potentiam,
615 2844 669 2909 sed
702 2846 853 2907 caritatem
882 2844 991 2908 civium

63 2937 94 2992 et
125 2929 255 3010 gloriam
285 2930 476 3010 concupisse.
522 2927 565 2988 Ea
595 2935 641 2990 est
671 2933 768 2990 autem
797 2927 897 3008 gloria
924 2927 991 2990 laus

63 3018 150 3075 recte
170 3011 580 3094 lectorummagnorumque
608 3012 639 3072 in
662 3028 726 3070 rem
750 3008 901 3090 publicam
922 3030 990 3074 rne-

63 3097 258 3172 ritorum²‚·
282 3094 348 3177 quae
369 3113 459 3180 quum
478 3093 582 3174 optimi
603 3093 776 3173 cuiusque,
810 3098 870 3156 tum
901 3095 990 3160 etiarn
1083 3166 1088 3180 Ι

65 3177 263 3253 multitudinis
285 3179 457 3242 testimonio
482 3176 702 3257 comprobatur.
744 3175 899 3255 Dicerem,
923 3176 1036 3238 Ilo-ao

65 3261 198 3342 labella,
238 3263 289 3342 qui
322 3269 404 3326 recte
435 3259 584 3322 laetorum
604 3259 719 3322 fructus
742 3267 839 3338 esset,
880 3259 991 3324 uisite

64 3351 177 3427 praeter
210 3351 330 3409 ceteros
359 3344 524 3428 paullisper
556 3361 626 3408 esse
662 3349 816 3424 expertum
842 3341 990 3403 'viderem

65 3429 167 3501 Quem
197 3433 285 3510 potes
313 3429 467 3494 recordari
503 3427 534 3490 in
567 3428 627 3492 vita
659 3427 795 3500 illuxisse
830 3424 883 3488 tibi
912 3423 991 3488 diem

105 3625 113 3657 ¹
136 3627 241 3688 iustior,
269 3627 359 3679 Patras
385 3626 533 3692 conscripti.
588 3624 600 3655 ²
628 3622 682 3676 Vnt.
703 3622 746 3674 all.
768 3619 838 3672 codd.
863 3646 897 3658 -
923 3620 990 3684 lama

102 3698 263 3750 meritorum.
