2468 4318
230 235 321 296 PRO
355 233 547 292 nnctttn
577 231 813 290 POETA«
903 241 954 294 12⁰
1060 240 1062 251 ’

45 409 164 492 puteat,
197 408 225 472 sr
253 408 308 491 qn
337 408 379 473 m
402 426 438 474 se
462 407 570 472 nmo
592 371 789 488 adornarunt,
819 417 853 475 n
879 411 955 477 nm

45 495 153 574 possint
175 511 215 556 ex
237 493 299 555 iis¹
318 511 417 574 neque
438 491 475 556 ad
492 509 680 554 communem
698 489 809 556 afferro
824 493 955 559 fructum
1030 493 1033 500 “

45 594 135 657 neque
157 577 187 639 in
213 577 387 659 adspectum
412 578 569 656 lucemque
590 573 749 657 proferre3
776 594 831 639 me
855 584 955 643 autern

46 660 109 739 quid
130 661 256 742 pudeat,
286 661 338 741 qui
360 667 403 722 tot
426 677 521 722 annos
544 661 582 720 ita
602 660 690 736 vivo,
719 659 853 740 iudices,
882 668 955 725 uta

44 743 145 811 nullius
169 761 309 824 umquam
332 751 536 824 metempore
556 749 607 804 aut
619 743 778 806 commodo
793 752 844 808 aut
861 745 956 808 otium

45 843 133 888 meum
162 827 342 890 abstraxerit
365 836 415 891 ant
435 827 574 907 uoluptas
597 827 730 888 avocarit
750 833 802 891 aut
823 827 955 910 denique
1058 819 1062 838 ¹

45 925 156 972 somnus
186 911 372 974 retardarit?
410 912 510 986 Quare
539 910 607 991 quis
630 907 749 972 tandem
772 928 821 972 me
843 915 1000 994 repre-1³

45 989 145 1055 hendat
172 1000 223 1057 ant
243 995 310 1076 quis
329 994 403 1057 milri
423 997 488 1058 iure
508 998 703 1071 succenseat,
740 993 785 1072 si,
813 1001 956 1075 quantum

45 1077 142 1138 ceteris
169 1077 207 1140 ad
232 1095 304 1140 suas
333 1096 384 1141 res
414 1076 586 1152 obeundas,
620 1083 761 1157 qnantum
791 1077 829 1140 ad
857 1077 955 1144 festos

46 1155 102 1219 dies
123 1159 261 1224 ludorum
282 1161 499 1238 celebrandos,
532 1165 673 1242 qnantum
701 1160 740 1224 ad
767 1161 841 1223 alias
862 1159 954 1226 volu-

44 1246 130 1319 ptates
152 1249 181 1305 et
204 1245 243 1306 ad
266 1244 362 1325 ipsam
385 1245 521 1326 requiem
544 1243 634 1306 animi
656 1250 686 1306 et
707 1243 846 1326 corporis
875 1261 955 1308 con-

45 1323 150 1387 ceditur
173 1333 361 1408 temporum,
397 1333 536 1410 quantum
568 1327 619 1388 alii
640 1327 773 1390 tribuunt
794 1329 955 1411 tempesti-

45 1405 85 1466 uis
106 1411 270 1489 conviviis,
301 1418 443 1492 quantum
468 1411 597 1491 denique
619 1409 781 1488 alveolo²‚
812 1418 955 1492 quantum

45 1488 122 1568 pilae,
152 1498 267 1556 tantum
291 1494 362 1556 mihi
385 1499 505 1577 egomet
527 1493 564 1556 ad
586 1493 651 1555 haec
673 1494 770 1556 studia
791 1495 955 1558 recolenda
990 1523 994 1536 ¹

46 1587 190 1654 sumpsero
200 1577 222 1658 i¹
241 1573 340 1659 Atque
364 1577 424 1640 hoc
445 1576 540 1638 ideo³
565 1576 637 1638 milri
662 1577 886 1639 concedendum
908 1584 956 1640 est

45 1657 141 1738 magis,
162 1660 245 1740 quod
264 1679 303 1723 ex
323 1660 370 1723 his
390 1660 496 1724 studiis
513 1659 577 1721 haeo
592 1676 711 1740 quoqne
729 1660 838 1722 crescit
855 1661 954 1723 oratio

46 1741 71 1796 et
89 1737 230 1822 incultas,
267 1761 351 1826 quae,
386 1749 615 1824 quantacunque
637 1743 736 1805 estin
759 1761 827 1820 me,
862 1761 954 1806 num-

46 1835 122 1897 quam
143 1827 307 1892 amicorum
328 1827 472 1908 periculis
497 1824 601 1889 defuit.
650 1825 723 1900 Ouae
746 1827 772 1890 si
792 1826 842 1888 cui
856 1827 954 1890 levior

45 1902 166 1986 videtur,
202 1910 257 1974 illa
281 1911 401 1991 quidem
429 1915 530 1988 certe,
561 1926 629 1990 quac
659 1927 774 1974 summa
792 1917 883 1989 sunt,
913 1925 955 1972 ex

47 2002 98 2064 quo
124 1989 207 2055 fonte
242 1994 394 2071 hauriam,
427 1994 534 2056 sentio.
582 1991 675 2071 Nam,
706 1992 766 2056 nisi
794 1993 953 2056 multorum
965 2007 999 2060 14

45 2075 190 2155 praeceptis
212 2077 375 2159 multisque
396 2077 502 2140 litteris
516 2075 593 2137 mihi
607 2076 643 2138 ab
660 2076 863 2140 adolescentia
879 2095 954 2140 sna·
989 2091 994 2097 “

46 2151 152 2232 sissem,
174 2160 251 2224 nihil
273 2178 342 2223 esso
364 2161 394 2222 in
416 2161 477 2221 vita
500 2176 610 2242 magno
634 2178 728 2241 opere
753 2160 955 2242 expetendum

45 2233 96 2296 nisi
116 2238 232 2306 laudem
255 2249 343 2324 atque
363 2243 570 2320 honestatem,
607 2243 637 2306 in
662 2260 699 2305 ea
721 2249 820 2306 autem
842 2261 954 2326 perse-

46 2321 151 2394 quenda
175 2342 281 2389 omnes
314 2328 463 2388 cruciatus
494 2326 651 2406 corporis,
688 2329 788 2391 omnia
817 2327 955 2409 pericula

47 2405 139 2466 mortis
163 2415 252 2491 atque
277 2410 378 2472 exsilii
399 2409 485 2491 parvi
508 2427 577 2472 esse
607 2408 760 2487 ducenda,
793 2428 954 2491 numquam

47 2497 87 2544 ¹¹¹0
105 2506 158 2568 pro
181 2493 280 2556 saluto
302 2499 402 2555 vestra
424 2493 455 2554 in
477 2497 520 2554 tot
552 2509 588 2554 ac
618 2497 714 2554 tantas
748 2493 954 2556 dimicationes

48 2570 125 2657 utque
156 2575 185 2639 in
220 2577 277 2638 hos
311 2575 538 2658 profligatorum
574 2574 728 2637 hominum
763 2575 955 2656 quotidianos

48 2660 162 2730 mpetus
186 2660 376 2738 obiecissem.
420 2657 479 2722 Sed
503 2659 586 2739 pleni
617 2663 686 2721 sunt
715 2657 845 2720 omncs4
875 2653 957 2737 libri,
1023 2733 1027 2742 Ι

47 2730 132 2808 plenae
152 2743 328 2824 sapientium
348 2759 452 2810 voces,
475 2743 566 2823 plena
582 2741 789 2822 exemplorum
805 2748 955 2819 vetustas;

48 2830 105 2891 quae
125 2823 258 2887 iacerent
280 2826 311 2887 in
335 2826 469 2887 tenebris
492 2825 608 2901 omnia,
631 2825 691 2886 nisi
714 2824 880 2890 litterarum
903 2826 956 2888 lu-

47 2909 107 2961 men
129 2909 294 2970 accederet.
339 2908 434 2982 Quam
457 2908 562 2970 multas
584 2908 672 2970 nobis
694 2908 862 2990 imagines,
893 2925 956 2972 non
1078 2955 1081 2966 ,

49 2979 134 3048 S0lum
158 2991 195 3054 ad
219 2991 414 3068 intuendum,
456 3010 559 3053 vorum
590 2991 679 3061 ctiam
707 2991 745 3072 ad
772 2989 957 3068 imitandum,

49 3055 265 3138 fortissimorum
289 3075 421 3140 virorum
441 3089 602 3156 expressas
624 3074 792 3154 scriptores
811 3079 841 3136 ct
860 3073 958 3138 Graeoi
1032 3153 1034 3158 Ι
1076 3128 1082 3133 .

49 3149 74 3202 et
93 3149 184 3220 Latini
206 3158 419 3240 reliquerunt?
443 3176 518 3240 quas
541 3173 601 3240 ego
622 3156 694 3218 mihi
717 3174 837 3238 semper
851 3157 883 3218 in
898 3155 956 3220 ad·
1036 3193 1043 3208 ι
1141 3167 1143 3174 ’

49 3228 230 3304 ministranda
253 3241 424 3322 republica
441 3245 617 3323 proponens
635 3241 762 3303 animum
779 3247 811 3313 et
826 3245 957 3302 mentem

48 3324 220 3466 peamhipsa
242 3325 429 3408 cogitatione
453 3323 606 3387 hominum
637 3324 848 3398 excellentium
878 3337 957 3384 con-

60 3408 131 3462 ortnu
153 3423 208 3470 arn.
670 3417 673 3426 '
728 3469 730 3473 ,

128 3487 244 3560 Queret
265 3488 432 3570 quispiam:
469 3486 575 3561 Quid?
611 3489 655 3554 illi
678 3488 736 3571 ipsi
759 3485 866 3552 summi
888 3478 1042 3584 uiri,157

51 3570 165 3634 tuorum
185 3576 309 3638 virtutes
335 3571 441 3636 litteris
455 3573 582 3654 proditae
598 3578 677 3654 sunt,
699 3574 795 3637 istane
810 3571 958 3651 doctrrna,

50 3682 264 3720 x²·-·-·—----=

83 3763 92 3796 ¹
112 3781 173 3832 cont.
192 3809 224 3820 -
241 3783 290 3835 his.
334 3779 348 3814 ¹
370 3779 402 3833 Ε.
418 3779 453 3833 al.
473 3777 537 3842 cod,
552 3788 615 3835 aaut.
633 3778 710 3834 scial.
727 3776 814 3833 Ambr-
833 3777 960 3835 malet·
983 3741 986 3749 Ι
1085 3823 1088 3831 ,

82 3834 183 3903 'adeo
229 3849 297 3906 ⁴tt.
318 3873 352 3890 -·
370 3865 462 3906 omncs
479 3859 547 3904 suut.

96 3974 137 4024 ⁰¹⁸0.
153 3987 212 4032 orm.
227 3994 271 4038 εἰ,
746 3994 763 4042 9
