2546 4310
302 250 372 303 xlv

213 401 216 408 ’
252 404 344 472 heid,
367 401 435 458 (lud.
460 405 492 473 2,
516 401 637 473 Salisb.,
664 402 710 472 qui
732 402 914 477 indicativus,
938 406 962 461 si
983 407 1084 465 cicero
1107 427 1179 467 vere

250 487 409 544 Deiotarum
436 485 598 558 Phidippum
627 481 768 542 conscium
793 488 907 544 sceleris
929 489 1058 547 imbuisse
1080 493 1179 564 signi-

248 571 362 643 haeret,
394 577 485 626 tamen
507 574 581 624 esset
606 568 707 642 durus,
742 586 823 642 quum
847 572 875 628 io
898 574 1032 630 sententia
1056 577 1179 634 relativa

249 669 265 708 a
289 661 365 710 certa
387 669 506 726 persona
530 652 566 708 ad
588 652 746 722 generalem
771 653 911 711 notionem
936 657 1062 713 traducta
1084 661 1178 731 (mm,

249 739 346 810 quem)
370 738 474 793 inesset
501 736 671 806 significatio
700 751 790 792 cause
823 744 850 794 et
880 741 1066 813 oppositionis
1095 741 1177 816 (ein,

249 839 311 894 que
331 820 461 878 adnotavi
486 819 520 876 ad
544 819 606 875 libr.
627 818 651 874 ll
673 819 719 875 de·
730 819 817 877 Finib.
839 825 860 889 s
885 821 954 893 15),
987 840 1075 898 eaque
1103 843 1176 882 sen-

247 905 333 960 tentia
355 903 471 959 relativa
493 902 683 976 implicaretur
700 902 782 960 etiam
805 921 865 960 eum
896 906 1023 963 oratione
1052 909 1177 966 coniun-

249 987 316 1044 etivi
331 986 424 1058 modi3
446 987 496 1043 sed
518 1003 598 1059 qrurm
621 1001 728 1042 omnem
745 986 901 1046 huiusmodi
917 990 1102 1062 suspicionem
1122 993 1176 1049 ci-

248 1088 314 1128 cero
337 1087 351 1126 a
376 1071 508 1128 Deiotaro
531 1069 694 1140 longissime
713 1077 817 1142 arceat,
840 1079 869 1128 ut
889 1073 943 1128 hoe
964 1077 1069 1131 totum:
1099 1091 1176 1147 mm,

247 1168 327 1227 poem
351 1149 425 1211 tanti
444 1153 567 1209 ‘sceleris
589 1161 643 1210 etc.
673 1153 853 1226 hypothetice
881 1171 917 1211 ex
947 1157 1036 1214 aliena
1050 1147 1053 1154 ’
1068 1159 1176 1216 adver-

246 1243 381 1294 sariorum
418 1239 553 1293 sententia
582 1237 610 1292 in
644 1235 789 1293 Ciceronis
820 1239 973 1296 emtionem
1006 1240 1174 1315 includetur,

245 1321 313 1378 nihil
333 1327 427 1394 potest
448 1336 509 1376 esse
531 1320 698 1394 perversius.
741 1318 891 1394 (Huberet,
913 1323 987 1394 quod
1009 1327 1175 1396 egeresti-

244 1409 361 1476 tueram,
386 1403 488 1460 (ludl
512 1421 573 1460 oum
590 1403 677 1459 altera
700 1404 826 1460 codicum
848 1406 952 1462 tamilla
975 1413 1034 1465 tota
1056 1406 1175 1482 tuetur.)

245 1489 375 1561 Sequitur
392 1489 489 1562 paucis
511 1493 576 1561 post
595 1488 739 1542 versibus:
756 1491 915 1558 presertim
936 1506 1020 1562 quam
1042 1493 1068 1548 is
1089 1491 1174 1566 (Phi-

245 1568 359 1647 dippus)
377 1590 451 1629 onus
472 1579 563 1641 esset,
598 1571 648 1643 pei
665 1579 764 1642 posset
788 1570 823 1626 de
844 1589 876 1629 se
896 1570 1012 1630 absente
1032 1574 1172 1634 indicere.

245 1658 293 1714 Sic
324 1651 395 1714 enim
423 1657 451 1713 in
482 1655 551 1712 (lud.
582 1659 597 1713 l
634 1661 661 1710 et
687 1671 741 1712 uno
774 1654 826 1710 01.
847 1656 996 1728 scribitur,
1024 1675 1039 1714 a
1071 1659 1172 1732 quibus

245 1757 344 1814 reapse
366 1757 421 1796 non
443 1739 588 1794 discedunt
610 1738 658 1794 alii
683 1755 718 1794 ex
740 1738 874 1796 inferiore
898 1740 1018 1812 familia,
1047 1742 1092 1814 qui
1114 1743 1172 1799 ha-

245 1824 310 1878 bent
340 1821 469 1878 iudicare
478 1841 489 1891 ,·
534 1829 561 1878 et
592 1827 635 1875 est
663 1821 799 1876 sententia
831 1829 908 1878 recta
937 1830 964 1879 et
994 1827 1172 1900 necessaria3

238 1906 394 1962 ostenditur
415 1906 498 1974 enirn,
520 1921 601 1976 quam
625 1903 706 1959 stulte
730 1904 887 1977 Deiotarus,
909 1907 934 1962 si
958 1908 1024 1980 quid
1049 1911 1171 1966 commi-

237 1991 330 2060 sisset,
351 1989 471 2044 indicem
491 1994 587 2043 contra
606 2005 636 2042 se
655 1987 766 2043 Romam
788 1988 918 2046 missurus
939 1991 1031 2062 luerit,
1054 1999 1081 2046 et
1102 1993 1170 2065 qui-

238 2073 300 2129 dem
323 2089 395 2143 eum,
420 2073 465 2144 qui
489 2088 557 2126 unus
575 2070 659 2127 index
679 2087 740 2142 esse
760 2079 856 2145 posset
879 2076 932 2143 (ut,
956 2074 979 2129 si
1002 2076 1074 2131 hunc
1096 2078 1170 2134 reti-

238 2157 352 2226 nuisset,
374 2155 422 2211 alii
444 2155 557 2210 timendi
580 2171 634 2210 non
657 2151 791 2225 essent),¹
819 2162 937 2227 augetur
958 2163 1047 2213 autem
1069 2159 1169 2218 indicii

237 2239 298 2295 eius
321 2239 474 2312 periculum
490 2238 598 2294 adiecta
615 2237 747 2294 absentie
764 2238 888 2296 Deiotari
905 2244 1169 2300 commemoratione

243 2321 284 2396 (in
309 2339 362 2395 qua
387 2323 509 2378 nonnulli
533 2317 703 2398 laeserunt),
739 2326 769 2377 ut
797 2322 858 2395 ipse
887 2340 917 2378 se
940 2322 1089 2382 defendere
1111 2344 1169 2384 non

241 2413 347 2478 posset.
393 2406 449 2462 Sed
472 2406 500 2461 in
522 2405 666 2462 codicibus
685 2405 810 2477 pluribus
834 2412 862 2461 et
885 2407 930 2478 iis,
952 2423 1021 2479 quos
1044 2408 1169 2468 editores

241 2489 423 2546 recentissimi
448 2488 587 2545 serviliter
606 2494 765 2560 sequuntur,
787 2488 918 2561 seriptum
941 2497 983 2546 est
1000 2491 1168 2564 uindicare,-

241 2574 333 2646 itaque
356 2574 385 2631 id
409 2573 449 2630 illi
473 2571 607 2646 arripiunt
641 2571 789 2646 (Klotzius,
817 2572 983 2644 Benechius,
1015 2575 1168 2648 soldanus)

242 2665 270 2713 et
291 2659 359 2714 mire
381 2675 412 2715 se
435 2659 463 2715 in
485 2656 620 2712 sententia
642 2655 808 2712 declaranda
833 2661 979 2728 torquent,
1012 2661 1168 2717 Denechius

240 2743 282 2799 sio
304 2758 450 2812 enarrans,
478 2740 555 2814 qnasi
578 2740 663 2795 verba
685 2739 843 2810 significare
864 2741 981 2812 possint,
1003 2741 1168 2816 Phidippum
1269 2763 1270 2782 ι

142 2879 147 2890 ,
240 2827 338 2882 iratum
355 2826 487 2883 Deiotaro
513 2833 541 2878 et
562 2823 676 2879 ultionis
698 2823 825 2896 cupidum
848 2822 934 2879 fuisse
950 2824 992 2892 (in
1010 2842 1062 2898 qua
1081 2843 1167 2883 enar-

240 2911 348 2966 ratione
372 2909 469 2966 mirum
491 2913 534 2964 est
551 2923 625 2963 cnam
642 2913 731 2975 esset,
756 2906 852 2962 mirum
871 2915 986 2978 posset,
1013 2909 1111 2967 mirum
1131 2909 1167 2966 de

240 2991 372 3062 ahsente,
402 2993 470 3049 mira
493 2991 616 3061 omnia),
646 2990 782 3047 Soldanus
805 2997 896 3046 autem
916 2991 942 3046 is
964 3009 1118 3065 pronomen
1137 3001 1168 3050 et

240 3079 300 3132 haec
324 3075 415 3133 omnia
445 3076 480 3132 ad
505 3074 641 3130 Cesaram
665 3074 830 3144 traducens,
862 3073 940 3146 quasi
964 3076 994 3132 id
1016 3079 1166 3150 separatim
1268 3119 1269 3132 a

241 3159 507 3216 commemorandum
538 3159 638 3229 luerit,
673 3157 812 3214 Cesaram
840 3157 974 3215 Deiotaro
1004 3176 1108 3216 nocere
1137 3168 1167 3217 et

240 3243 346 3300 absenti
368 3257 471 3299 uccere
492 3257 575 3315 posse
599 3241 642 3316 (in
663 3256 719 3313 quo
738 3257 854 3313 queres,
877 3241 985 3313 quinam
1007 3243 1055 3299 alii
1072 3244 1166 3316 signi-

240 3328 355 3384 ticentur
383 3327 418 3382 dc
455 3330 590 3400 presente
625 3325 757 3381 ultionem
790 3340 898 3380 sumere
931 3329 1039 3398 posse).
1089 3327 1166 3385 Nihil
1267 3383 1268 3400 ,

138 3401 139 3404 ¹
239 3411 305 3468 dieo
331 3412 365 3467 de
386 3411 447 3483 ipsa
479 3408 674 3465 coniunctione
705 3407 851 3465 verborum
882 3409 1042 3477 (vindicare
1071 3427 1101 3466 se
1129 3411 1167 3468 de
1267 3427 1268 3447 ι

238 3495 351 3566 clipeo)
381 3507 397 3550 a
421 3493 636 3549 Plinio'hlioore
658 3491 694 3547 ad
717 3489 881 3547 Ciceronem
902 3510 1000 3552 secure
1022 3495 1165 3568 translata,

233 3579 279 3650 qui
302 3593 390 3650 neque
411 3593 443 3633 sc
464 3576 609 3632 vindicare
633 3591 722 3648 neque
743 3573 865 3630 alteram
885 3575 966 3635 dixit.
1010 3578 1071 3635 Non
1094 3580 1163 3635 satis
1266 3615 1267 3620 κ

234 3677 297 3716 usus
323 3677 372 3717 ero
396 3662 448 3718 hac
478 3677 529 3716 una
558 3659 736 3734 paragrapho
770 3664 798 3726 et
830 3659 865 3716 ad
895 3677 990 3720 eorum
1023 3661 1163 3735 codicum,

240 3783 470 3794 ——-——-

237 3843 244 3868 ¹
265 3845 320 3889 line
331 3843 389 3890 ast
404 3835 647 3903 propter'Soldanum.
