2468 4318
342 97 397 154 ‘a

138 259 142 270 ⁴
269 241 323 292 1⁰⁶
614 230 852 288 onorio

271 409 397 486 obrem,
438 406 466 470 si
501 407 658 470 mantum
684 395 819 488 gladium
847 408 956 468 tenens
988 403 1128 470 clamaret
1153 403 1179 466 t.

270 489 408 558 minius:
452 487 596 566 ”Adeste,
626 505 742 570 queso,
771 493 861 569 atque
884 489 997 570 audito,
1026 491 1124 566 oives3
1155 487 1179 551 i.

273 573 413 642 clodium
439 571 597 646 interfeoi;
640 573 706 636 eius
730 569 873 650 furores,
905 591 983 655 quos
1016 574 1109 639 nullis
1134 572 1180 635 iau

271 658 404 744 legibus,
426 655 517 720 nullis
539 655 660 719 iudiciis
680 653 803 718 frenare
823 661 1010 737 poteramus,
1035 657 1094 720 hoo
1114 654 1180 717 ferro

174 795 177 800 Α
255 749 306 821 ¹et
325 740 383 807 hae
403 739 528 806 dextera
549 757 568 802 a
588 738 758 802 oerrioihus
781 740 891 802 vestris
913 740 1052 825 reppuli,
1075 757 1129 823 per
1145 753 1181 800 no

272 831 306 893 ut
326 843 419 892 uuum
440 824 499 900 ius,
526 823 663 906 equitas,
689 819 786 905 leges,
821 822 956 902 libertas,
977 825 1088 906 pudor,
1107 821 1182 906 pudi-

273 909 344 974 oitia
364 908 397 971 in
427 907 548 970 ciuitate
576 907 769 984 manerent’,
808 912 891 969 esset
919 925 995 971 vero
1027 905 1183 979 timendum,

273 1008 406 1076 quonam
432 989 524 1053 modo
552 989 584 1052 id
612 987 708 1054 ferret
737 988 859 1052 oinitosi
904 988 991 1054 Nune
1021 992 1101 1054 enim
1129 988 1182 1070 quis

273 1079 338 1153 est,
372 1075 424 1158 qui
454 1091 517 1137 non
544 1072 677 1155 probet?
718 1073 770 1154 qui
798 1090 860 1135 nou
888 1074 1016 1138 laudet?
1061 1074 1183 1156 quinon

272 1175 367 1224 mum
389 1163 460 1240 post
479 1156 632 1220 hominum
654 1155 829 1220 memoriam
845 1156 878 1218 Τ.
889 1156 1022 1222 Annium
1040 1157 1182 1240 plurimum

273 1242 322 1308 rei
344 1241 474 1324 publice
495 1238 669 1322 profuisse,
694 1239 825 1303 maxima
847 1240 946 1304 laetitia
967 1242 1113 1324 populum
1133 1235 1183 1300 Ro·

273 1343 412 1403 monum,
444 1329 581 1390 cunctam
605 1322 738 1402 ltaliam,
767 1324 907 1388 nationes
928 1342 1036 1388 omnes
1063 1322 1183 1387 affecisse

232 1427 238 1448 ¹
274 1412 306 1472 et
327 1407 406 1472 dieat
427 1412 458 1471 et
478 1405 611 1472 sentiat?
653 1405 721 1469 Non
745 1423 844 1503 queo,
878 1415 981 1471 vetera
1013 1408 1068 1471 illa
1096 1400 1182 1488 popuii

272 1488 401 1555 Romani
423 1488 534 1575 gaudia
552 1496 663 1570 quanta
686 1485 808 1568 fuerim,
840 1490 986 1554 iudieare.
1024 1491 1129 1556 Multos
1147 1492 1182 1548 tr·

236 1592 345 1660 'lmen
366 1574 427 1640 iam
449 1590 634 1638 summorum
658 1573 872 1654 imperatorum
896 1574 1082 1640 clarissimes
1102 1573 1182 1636 vieto·

273 1659 337 1724 m'to
357 1663 431 1726 etas
449 1663 553 1724 nostra
573 1655 657 1733 uidit,
676 1672 802 1737 quarum
822 1657 904 1726 nulla
924 1677 964 1721 ne
1008 1677 1027 1721 e
1051 1664 1110 1720 tam
1130 1654 1184 1717 dio·
1216 1725 1217 1730 ἵ

229 1748 393 1812 mimum
424 1741 520 1809 ntulit
551 1739 682 1805 letitiam
710 1756 769 1801 neo
797 1745 919 1805 tantam.
1008 1742 1117 1806 audate
1139 1736 1183 1798 iot

275 1824 440 1902 memorie,
460 1823 587 1886 iudices.
630 1822 730 1905 Spero
751 1822 844 1886 multa
866 1841 922 1888 vos
947 1823 1122 1907 liberosque
1140 1835 1183 1881 re-

275 1913 357 1974 stros
378 1907 411 1972 iu
425 1925 461 1975 re
482 1905 604 1989 publiea
619 1905 700 1969 bona
721 1924 791 1968 esse
807 1907 946 1984 visuros3
970 1910 1000 1970 in
1017 1909 1059 1971 iis
1076 1900 1183 1987 singuiis

275 1991 319 2059 ita
338 2007 461 2074 semper
482 1991 698 2066 existimabitis,
721 1991 792 2052 vivo
815 1989 848 2053 P.
870 1990 978 2058 Clodio
999 1992 1078 2059 ninii
1098 1999 1182 2052 eorum

167 2127 170 2134 .
276 2090 333 2140 vos
352 2074 473 2140 visuros
493 2072 598 2148 fuisse.
639 2073 672 2136 ln
690 2091 776 2154 spem
798 2074 957 2138 maximam
978 2081 1026 2154 et,
1058 2067 1182 2158 quemod-

276 2155 557 2235 modumeonttdo,
589 2157 777 2222 verissimam
798 2175 902 2221 sumus
926 2159 1094 2237 odduett1,
1122 2155 1182 2217 huot

276 2241 378 2323 ipsum
397 2257 518 2317 annum,
549 2238 609 2305 hoo
630 2242 698 2322 ipso
719 2257 836 2306 summo
857 2243 925 2304 viro
948 2243 1088 2321 consule,
1114 2253 1183 2301 oom-

277 2339 386 2474 gressa
402 2322 557 2389 hominum
580 2324 720 2398 lieentia,
742 2324 954 2406 cupiditatibus
975 2325 1098 2402 innotis,
1120 2317 1183 2400 legi·
1215 2367 1216 2370 ,

299 2424 336 2472 us
363 2412 395 2472 et
423 2407 542 2474 iudiciis
571 2407 759 2486 constitutis,
780 2407 953 2472 salutarem
985 2410 1097 2472 civitati
1124 2403 1182 2467 fort·

200 2512 204 2523 ·
276 2490 356 2557 Num
377 2491 445 2573 quis
468 2496 515 2555 est
535 2491 648 2574 igitur²
672 2497 732 2552 tam
757 2489 892 2570 demens,
915 2493 966 2574 qui
985 2493 1056 2571 hoo,
1078 2492 1107 2555 P.
1124 2485 1182 2549 Clo-

137 2569 149 2600 s
278 2575 331 2640 dio
348 2575 427 2654 vivo,
448 2575 626 2658 contingere
645 2574 783 2657 potuisse
804 2573 990 2642 arbitretur?
1020 2573 1124 2654 Quid?
1148 2583 1182 2640 tt

276 2675 347 2806 pue
366 2659 483 2737 tenetis,
507 2660 622 2741 privata
638 2664 727 2738 atque
750 2664 863 2735 vestra,
887 2659 1060 2722 dominante
1082 2653 1182 2722 nomine

277 2741 511 2892 ιξιιζίοεοίφῳιοᾱ
532 2743 581 2806 ius
600 2746 756 2828 perpetum
776 2744 982 2824 possessionis
1003 2743 1116 2808 hahere
1137 2749 1182 2820 pt·

213 2877 219 2884 .
312 2841 395 2892 isson

369 2907 439 2976 Non
457 2907 560 2985 timeo,
581 2906 708 2984 iudices,
728 2925 770 2970 ue
785 2907 856 2971 odio
873 2925 1009 2972 meorum
1024 2901 1182 2974 inimicitio-
1214 2953 1215 2976 ,

279 2991 372 3056 tum³
416 2989 614 3058 inflammatus
640 2991 780 3057 libentius
807 2991 873 3057 haeo
899 2992 930 3056 in
953 2993 1038 3058 illum
1053 2995 1181 3057 evomere
1214 2985 1215 3000 ¹

281 3071 386 3138 ridear
407 3091 496 3156 quam
515 3079 628 3142 verius.
680 3073 798 3138 Etenim
828 3076 887 3138 etsi
916 3067 1109 3158 praeoipuom'
1129 3079 1182 3132 esst

281 3156 426 3234 debebat,
455 3162 553 3224 nmen
574 3160 615 3222 ito
639 3159 804 3223 eommunis
827 3165 891 3224 erat
915 3160 1047 3224 omnium
1071 3159 1120 3225 ilie
1138 3153 1181 3214 ht·

281 3242 347 3318 stis,
375 3246 410 3306 ut
430 3240 462 3302 in
485 3242 635 3306 communi
657 3242 728 3305 odio
750 3259 836 3324 pene
856 3243 1013 3324 equaliter
1033 3240 1182 3324 versaretur,

281 3325 385 3392 odium
406 3341 515 3390 meum.
561 3324 630 3391 Non
660 3330 761 3410 potest
790 3325 849 3392 ‹ttci
880 3327 973 3406 satis,
1006 3345 1047 3390 ne
1076 3323 1180 3410 cogitop

283 3407 423 3490 quidem,
451 3414 594 3491 quantum
623 3408 655 3471 in
683 3407 737 3472 illo
767 3410 912 3488 sceleris,
948 3417 1089 3492 quamum
1116 3402 1179 3468 uniit

236 3490 382 3556 tefuerit
439 3491 518 3565 Quin
546 3493 593 3555 sio
619 3492 782 3572 attendite,
818 3493 944 3559 iudices.
995 3492 1109 3576 Nempe
1133 3486 1180 3548 iti

271 3581 330 3652 ¹est
357 3575 483 3661 questio
512 3574 551 3638 de
582 3575 704 3640 interitu
732 3575 765 3640 Ρ.
787 3574 897 3642 clodii.
951 3575 1070 3660 Fingite
1095 3564 1178 3639 animis
1213 3617 1214 3640 r

311 3769 328 3842 ‚¹
349 3769 381 3822 Ε·
398 3795 432 3808 ··
451 3771 512 3850 tddg
528 3786 628 3827 tomum
667 3769 731 3824 *tt
750 3797 784 3812 —
800 3773 880 3842 igitar
898 3781 945 3829 ert
982 3771 1047 3827 Ἐ
1060 3763 1176 3826 ..finiuit
1213 3727 1214 3730 Ἴ

260 3853 272 3874 ·
315 3854 440 3893 nemun.
