2490 4316
269 239 321 292 ma
561 215 854 290 'onorio
954 279 958 290 a

270 411 330 474 lem
353 409 551 491 sanguinem,
582 405 632 468 vet
653 407 754 488 potins
775 407 977 482 exsorbuems
984 429 993 486 3
1039 410 1140 476 fueras
1159 416 1187 477 in

270 495 337 556 acle
356 491 528 555 Pharsalica
549 490 782 571 antesignanus3
807 492 840 553 L.
862 493 1034 572 Domitium,
1056 497 1187 560 clarissi-

269 595 350 640 mum
371 581 400 640 et
421 573 639 639 nobilissimum
659 574 778 653 virum,
813 575 990 657 occideras,
1023 580 1188 661 multosque

267 666 436 742 praterea,
470 658 546 740 qui¹
572 657 732 738 eproelio
756 657 945 740 effugerant,
981 678 1060 742 quos
1082 661 1187 740 Caesar,

267 751 302 806 ut
320 741 502 818 nonnullos,
531 739 660 802 fortasse
681 749 851 820 servasset,
887 743 1099 808 crudelissime
1121 765 1189 828 per-

267 832 390 890 secutus
409 825 586 888 trucidaras.
629 823 744 897 Quibus
765 825 858 887 rebus
879 828 978 904 tantis,
1003 829 1115 892 talibus
1136 849 1189 912 ge-

267 912 342 986 stis,
364 909 435 989 quid
456 907 514 971 luit
535 923 651 983 cause,
673 924 729 969 cur
748 909 780 970 in
803 908 936 970 Africam
960 908 1114 974 Caesarem
1136 929 1190 974 non

268 1010 453 1074 sequerere,
496 1009 586 1072 quum
615 991 783 1072 prasertim
799 991 876 1054 belli
897 1010 969 1073 pars
991 1000 1074 1057 muta
1095 1003 1190 1058 resta-

267 1077 339 1140 ret?
374 1076 477 1158 ltaque
499 1091 587 1157 quem
610 1074 711 1136 locum
733 1074 813 1155 apud
834 1075 931 1156 ipsum
954 1075 1107 1143 Caesarem
1127 1085 1191 1160 post

267 1162 334 1224 eius
357 1178 397 1222 ex
417 1158 522 1221 Africa
543 1155 670 1219 reditum
693 1158 874 1222 obtinuisti?
897 1177 957 1239 quo
979 1176 1116 1224 numero·
1131 1163 1189 1223 lui-

267 1245 333 1308 sti?
375 1244 463 1305 cuius
486 1247 516 1303 tu
539 1241 729 1321 imperatoris
752 1239 884 1322 quaestor
904 1242 1017 1320 lucras,
1040 1245 1189 1309 dictatoris

267 1327 413 1410 magister
434 1326 577 1405 equitnm,
601 1324 674 1387 belli
695 1324 850 1406 princeps,
872 1326 1056 1390 crudelitatis
1080 1335 1189 1404 auctor,

267 1409 377 1492 praede
400 1410 520 1486 socius,
546 1412 756 1487 testamento,
791 1414 824 1469 ut
845 1407 966 1472 dicebas
987 1410 1074 1490 ipse,
1107 1413 1189 1474 filius.

267 1492 446 1576 Appellatus
469 1509 503 1555 es
527 1490 736 1572 dependam,
778 1509 867 1572 quam
896 1510 953 1573 pro
985 1494 1099 1572 domo,
1138 1512 1189 1575 pm

220 1578 385 1655 rebonis,
425 1591 483 1658 pro
514 1575 651 1638 sectione
680 1573 822 1637 debebas.
877 1574 977 1639 Primo
1006 1577 1214 1659 respondisti,

220 1661 229 1676 '
265 1661 357 1744 plane
379 1657 532 1736 ferociter,
554 1663 594 1734 et,
616 1675 656 1719 ne
678 1658 777 1719 amnia
796 1657 901 1722 ridear
923 1666 1027 1722 contm
1049 1668 1091 1740 tc,
1115 1679 1187 1742 pro-

265 1742 428 1827 pemodum
458 1759 544 1822 aequa
574 1747 606 1802 et
628 1743 705 1804 iusta
728 1740 861 1804 dicebas.
908 1743 1189 1807 Accedent

265 1825 454 1910 pecuniam?
484 1841 540 1887 cur
559 1825 672 1906 potius,
695 1843 784 1905 quam
806 1841 866 1908 ego
893 1826 929 1889 ab
955 1827 1034 1889 illo?
1066 1846 1107 1891 an
1128 1830 1189 1890 sinc

260 1927 315 1972 me
337 1909 390 1972 ille
412 1908 508 1972 vicit?
544 1907 585 1971 At
607 1925 647 1970 ne
667 1909 765 1990 potuit
786 1908 925 1991 quidem3
960 1926 1019 1993 ego
1045 1911 1085 1974 ad
1111 1912 1187 1974 illum
1235 1943 1236 1958 κ

264 1993 337 2057 belli
370 1992 467 2056 civilis
497 2009 618 2055 causam
647 1991 747 2070 attuli,
796 2008 856 2074 ego
885 1993 975 2076 leges
1001 1995 1189 2074 perniciosas
1235 1991 1236 2074 l

264 2077 391 2159 rogavi,
437 2091 498 2159 ego
527 2093 610 2138 arma
637 2081 743 2139 contra
770 2076 912 2140 consules
933 2077 1189 2160 imperatoresque
1235 2075 1236 2084 ’

176 2233 179 2243 V
263 2159 370 2244 populi
391 2159 534 2234 Romani,
570 2165 674 2222 contra
695 2166 831 2222 senatum
852 2155 1057 2242 populumque
1077 2161 1188 2225 Roma-

263 2260 354 2321 num,
386 2246 492 2306 cantia
515 2242 590 2306 deos
609 2243 724 2325 patrios
747 2259 876 2324 masque
901 2249 931 2304 et
952 2241 1059 2321 locos,
1087 2252 1189 2308 contra

263 2327 390 2410 patriam
408 2327 472 2390 tuli.
513 2327 591 2389 Num
612 2326 671 2389 sibi
692 2326 751 2389 soll
780 2326 876 2388 vicit?
917 2327 1052 2400 Quorum
1073 2327 1188 2391 facinus

264 2417 312 2474 est
336 2429 504 2491 commune,
526 2427 580 2474 cur
600 2425 663 2471 nou
683 2409 724 2472 sit
749 2425 854 2472 eorum
875 2411 977 2492 praeda
999 2411 1187 2474 communis?

264 2494 314 2558 lus
338 2494 529 2576 postulabas;
548 2492 603 2557 sed
624 2492 696 2574 quid
716 2492 756 2554 ¹ad
776 2491 870 2555 rem?
896 2494 967 2556 Plus
989 2493 1043 2556 ille
1063 2501 1187 2576 poterat

218 2588 253 2638 re
266 2577 380 2660 ltaque,
404 2577 565 2640 exclusis²
588 2577 648 2638 tuis
672 2576 809 2652 vocibus,
832 2583 863 2638 et
883 2576 921 2640 ad
939 2575 971 2639 'ta
993 2583 1024 2638 et
1046 2579 1086 2642 ad
1109 2595 1187 2660 pre-

264 2661 319 2724 des
340 2666 408 2722 tuos
429 2661 539 2724 milites
561 2660 650 2736 misit,
670 2676 762 2741 quum
782 2666 908 2740 repente
929 2661 993 2736 est³
1019 2679 1036 2723 a
1056 2668 1088 2723 te
1110 2679 1187 2743 prs-

263 2745 346 2808 clara
365 2743 418 2807 illa
441 2743 543 2806 tabula
565 2742 692 2825 prolata.
735 2742 895 2816 Quiricus
918 2743 1099 2806 hominum?
1122 2751 1187 2806 tan-
1234 2799 1235 2822 p

262 2829 323 2891 tam
344 2842 414 2891 esse
435 2826 582 2906 tabulam,
616 2831 676 2888 tam
701 2827 820 2903 variae,
848 2831 907 2890 tam
931 2828 1039 2894 multas
1060 2845 1185 2910 posses-
1234 2873 1235 2898 t

263 2913 386 2988 siones,
424 2909 595 2992 exquibus
622 2912 732 2992 praeter
752 2915 868 2992 partem
886 2909 996 2974 ldiseni
1017 2911 1093 2974 nihil
1116 2917 1185 2986 erat,

173 3007 176 3018 ‘
261 2993 346 3076 quod
375 2995 421 3072 is,
458 2995 511 3076 qui
541 2993 783 3067 auctionaretur,
823 2997 928 3075 posset
958 3011 1045 3057 suum
1075 2993 1185 3056 dicero.

259 3077 421 3140 ductionis
440 3093 516 3140 vero
536 3075 717 3139 miserabilis
739 3075 917 3159 adspectus:
938 3078 1031 3140 vestis
1053 3076 1185 3159 Pompeii

131 3161 133 3168 '
258 3168 325 3223 'non
347 3159 458 3238 multa,
479 3177 575 3242 eaque
598 3159 769 3235 maculosa3
816 3159 954 3223 eiusdem
976 3160 1113 3242 quaedam
1135 3177 1183 3224 ar-

261 3249 373 3326 gentea
396 3261 469 3307 vasa
492 3243 610 3322 collisa,
641 3242 794 3306 sordidata
816 3244 977 3326 mancipia,
1005 3250 1039 3306 ut
1062 3244 1183 3308 dolere-

260 3325 328 3391 mus
350 3327 511 3410 quidquam
535 3343 605 3390 esse
627 3326 749 3389 axillis
773 3326 930 3408 reliquiis,
976 3327 1056 3408 quod
1079 3327 1183 3390 videre

120 3409 126 3418 '
191 3421 250 3493 ¹tt
283 3427 430 3474 ossemus.
475 3409 559 3473 llanc
588 3416 687 3472 tamen
716 3410 887 3473 auctionem
915 3410 1044 3472 heredes
1066 3409 1101 3472 L.
1123 3410 1182 3472 llu-

259 3429 320 3558 lrii
342 3493 466 3558 decreto
488 3491 865 3574 Cesaris'prohibuerunt
896 3492 1035 3556 llerebat
1055 3493 1180 3567 nebulo;

259 3592 323 3660 quo
346 3593 382 3640 se
404 3582 547 3652 verteret,
568 3593 630 3639 non
651 3576 790 3639 habebat.
838 3576 917 3650 Quin
939 3575 987 3639 his
1009 3577 1086 3657 ipsis
1107 3581 1180 3638 tem-

255 3659 385 3741 poribus
401 3659 482 3724 domi
499 3659 628 3726 Caesaris
648 3677 824 3744 percussor,
846 3660 883 3724 ab
903 3660 963 3724 isto
983 3661 1107 3742 missus,
1128 3659 1180 3722 de·

238 3891 241 3895 .
296 3839 432 3910 ¹ruultas,
449 3846 523 3914 qui.¹
557 3843 714 3902 ’excussis
770 3843 868 3900 ’cont
885 3867 919 3884 ·-
937 3859 982 3897 mro
1003 3852 1052 3898 cst.
