2468 4318
253 163 306 264 ιιι
403 143 465 264 ⁸.
599 199 874 262 onarro·

255 378 314 450 sed
335 382 435 446 tamen
455 374 483 443 sl
503 370 601 440 minus
613 372 770 442 fortissimi
784 374 843 442 viri
856 373 951 440 uirtus
967 371 1083 442 civibus
1093 377 1167 460 grata

258 462 439 539 cecidisset,
476 475 588 543 magne
625 461 725 523 animo
753 461 962 542 constantique
990 459 1110 523 cederet
1136 477 1168 520 er

258 549 378 631 ingrata
401 544 531 608 civitate.
577 541 653 606 Nam
682 543 754 625 quid
785 548 867 607 esset
899 544 1064 626 ingratius,
1094 559 1169 624 quan

248 631 356 694 letari
375 633 513 706 ceteros,
554 624 663 709 lugere
692 645 759 690 eum
788 626 906 704 solum,
948 632 1075 709 propter
1093 643 1169 709 quen

129 741 131 752 r
215 713 357 788 oaceteri
388 709 583 775 laetarenan‘t
631 709 815 792 Quamquam
840 710 898 774 boc
932 711 1032 774 animo
1064 725 1170 790 semper

261 812 367 862 omnes
387 793 523 856 fuimns¹
561 792 593 856 in
615 794 719 875 patrie
738 793 944 876 proditoribus
966 792 1170 876 opprimendis,

259 885 311 958 nt,
349 877 491 961 quoniam
513 881 617 938 nostru
637 875 737 941 futura
757 882 839 940 esset
860 877 980 959 gloria,
1040 875 1173 939 ericulun
1213 942 1214 945 Ἴ

261 979 384 1046 quoque
406 967 437 1022 et
457 959 597 1023 invidiam
624 965 757 1023 nostram
787 966 969 1041 putaremus.
1014 895 1092 1024 bam
1117 973 1173 1040 que

261 1044 335 1117 mibi
356 1043 416 1128 ipsi
436 1042 593 1106 tribuenda
614 1042 680 1106 laus
704 1049 796 1120 esset,
817 1060 909 1126 quum
929 1047 1043 1107 tantum
1059 1045 1091 1106 in
1108 1059 1173 1104 con·

263 1129 362 1194 sulatu
385 1144 454 1190 meo
475 1143 532 1207 pro
553 1125 639 1189 vobis
661 1144 698 1188 ao
718 1125 823 1188 liberis
843 1127 953 1190 vestris
967 1145 1061 1191 annus
1078 1142 1173 1202 essen,

263 1212 291 1277 si
313 1211 363 1290 id,
384 1209 502 1292 quadr’
527 1208 677 1287 conabar,
699 1210 766 1273 sine
784 1209 922 1272 maximis
944 1209 1173 1274 dimicationibus
1195 1269 1197 1276 .

263 1295 341 1359 meis
374 1311 425 1357 me
456 1307 526 1356 esse
559 1309 700 1356 ausurum
735 1292 922 1356 arbitrarer?
974 1292 1049 1367 Qum
1080 1291 1174 1356 mulier

264 1378 448 1444 sceleratum
468 1391 504 1440 ac
523 1375 728 1456 perniciosum
752 1376 849 1440 civem
870 1376 1013 1439 occidere
1037 1393 1100 1440 non
1128 1391 1174 1436 aa·
1216 1373 1217 1388 ¹

266 1461 363 1540 deret,
384 1460 412 1524 si
434 1457 602 1542 periculum
624 1475 686 1522 non
709 1458 854 1521 timeret?
888 1459 1048 1542 Proposita
1068 1456 1174 1533 invidia

264 1551 375 1623 morte,
397 1559 508 1626 poena,
532 1541 583 1623 qui
607 1541 702 1606 nihilo
724 1541 849 1624 segnius
870 1559 935 1605 rem
957 1541 1111 1625 publicam
1130 1540 1176 1604 de·
1218 1602 1219 1638 p

265 1625 379 1706 iendit,
415 1627 443 1690 is
467 1625 513 1688 vir
532 1642 606 1687 vere
629 1624 778 1706 putandus
799 1631 855 1688 est.
901 1625 1009 1709 Populi
1031 1625 1112 1709 grati
1131 1627 1177 1699 est,
1218 1639 1219 1668 ι

265 1709 399 1796 praemiis
424 1707 547 1771 afficere
574 1707 654 1770 bene
685 1709 810 1772 meritos
835 1707 873 1772 de
894 1727 930 1772 re
952 1709 1074 1790 publica
1097 1709 1177 1782 cives,

180 1827 183 1832 ·
266 1791 452 1869 visitantis,
480 1808 519 1853 nc
539 1787 696 1873 suppliciis
720 1791 840 1873 quidem
861 1794 995 1871 moveri,
1018 1799 1053 1854 nt
1074 1791 1177 1854 fortiter
1219 1780 1220 1842 l

222 1876 381 1943 obiecisse
400 1873 563 1957 poeniteat.
609 1872 810 1947 Quamobrem
830 1881 965 1940 uteretur
985 1875 1093 1938 eadem
1112 1890 1177 1936 con-

267 1960 405 2025 lessione
426 1957 460 2020 Τ.
481 1956 618 2034 Annius,
653 1975 711 2039 qua
741 1957 855 2036 Abali,
887 1978 947 2040 qna
966 1958 1096 2039 Nasica,
1131 1971 1178 2038 qua
1220 1959 1221 1991 ¹

268 2043 417 2127 Opimius,
438 2058 496 2122 qua
516 2038 647 2116 llarius,
669 2057 728 2121 qua
747 2048 865 2106 nosmet
885 2043 964 2123 ipsi,
987 2049 1036 2121 et,
1058 2043 1086 2106 si
1108 2041 1179 2124 grata

267 2143 321 2192 res
344 2124 466 2208 publica
483 2127 582 2201 esset,
614 2121 786 2201 letaretur.
811 2125 839 2190 si
868 2112 1005 2210 ingiam,
1035 2120 1180 2190 tamenin

270 2209 358 2294 grad
381 2205 501 2269 fortuna
524 2205 708 2270 conscientia
726 2225 782 2272 sue
803 2208 956 2274 niteretur.

363 2288 424 2356 Sed
445 2287 534 2354 huius
562 2287 702 2352 beneficii
729 2290 875 2373 gratiam,
905 2292 1042 2371 iudices,
1073 2290 1181 2354 fortuna

205 2413 208 2422 ·
270 2371 376 2460 populi
404 2372 530 2436 Romani
561 2378 590 2434 et
620 2379 722 2436 vestra
750 2371 878 2438 felicitas
900 2381 931 2438 et
954 2375 985 2439 di
1008 2371 1182 2438 immortales

227 2461 229 2464 ’
263 2459 332 2524 ,sibi
355 2456 460 2522 deberi
480 2461 593 2539 putant.
641 2454 705 2518 Nec
724 2474 799 2519 vero
821 2459 978 2542 quisquam
1000 2460 1089 2522 aliter
1109 2455 1181 2520 erbi-

272 2541 346 2606 treri
367 2544 477 2623 potest,
497 2539 556 2601 nisi
578 2540 631 2621 qui
652 2539 764 2606 nullam
781 2540 841 2604 rim
859 2560 929 2606 esse
947 2542 1028 2606 ducit
1043 2553 1182 2606 numenio

273 2626 424 2702 divinum,
465 2640 555 2705 quern
585 2641 685 2703 neque
715 2623 835 2705 imperii
862 2626 982 2688 nostri⁸
1021 2620 1181 2708 magnitudo

271 2725 373 2788 neque
407 2707 455 2769 sol
488 2705 540 2770 ille
570 2707 628 2768 nec
658 2706 723 2768 caeli
754 2708 971 2790 signorumque
1000 2714 1101 2772 motus
1134 2719 1183 2766 nec

272 2790 495 2855 vicissitudines
525 2804 626 2852 rernm
659 2794 747 2870 atque
776 2790 898 2855 ordines
928 2798 1051 2872 movent
1084 2803 1182 2869 neque,

271 2874 305 2937 id
319 2874 400 2955 quod
416 2872 574 2936 maximnm
591 2877 647 2950 est,
668 2873 832 2938 ιιιιιιοιίιιιιι
853 2875 1009 2956 sapientia,
1032 2875 1083 2956 qni
1098 2887 1184 2945 sacra,

267 2957 327 3038 qai
351 2955 547 3033 caerimonias,
571 2956 622 3036 qui
643 2957 777 3037 auspicia
798 2963 828 3020 et
848 2959 908 3041 ipsi
929 2959 1116 3024 sanctissime
1135 2971 1183 3016 co-

163 3027 211 3102 31
230 3041 397 3105 caluerunt
419 3046 450 3102 et
471 3035 577 3116 nobis,
608 3040 672 3103 suis
694 3041 843 3121 posteris,
876 3041 1080 3122 prodiderunt
1130 3039 1183 3111 llst,

186 3160 192 3180 .
275 3129 325 3188 est
345 3121 485 3205 proiecto
508 3121 559 3184 illa
581 3122 638 3200 vis,
661 3140 762 3203 neque
786 3125 817 3187 in
842 3124 889 3190 his
909 3125 1089 3206 corporibus
1106 3129 1183 3203 atquc

275 3209 307 3274 in
329 3205 385 3270 bac
409 3204 611 3270 imbecillitate
633 3211 735 3268 nostra
755 3206 834 3270 inest
856 3208 1013 3290 quiddam,
1045 3207 1124 3290 qnod
1142 3203 1183 3266 ri-

275 3296 347 3375 geat
376 3297 408 3353 et
434 3289 557 3366 sentiet,
593 3294 625 3352 et
656 3306 717 3350 non
742 3289 821 3354 inest
844 3293 874 3354 in
896 3293 954 3354 hoc
978 3296 1183 3355 annonarum

277 3381 337 3438 tarn
358 3375 504 3457 praeclaro
521 3376 612 3432 motu.
653 3369 719 3434 Nisi
741 3371 821 3438 forte
842 3376 956 3438 idcirce
973 3377 1057 3437 norr¹⁵
1080 3375 1182 3458 putant,

120 3473 128 3484 ·
205 3528 208 3534 ,
275 3458 428 3542 quianon
449 3459 575 3540 apparet
595 3471 654 3518 nec
669 3459 809 3524 ‚cernitur
816 3480 826 3537 3
847 3457 1001 3543 proinde⁶
1029 3459 1112 3542 quasi
1130 3469 1182 3518 no-

181 3601 187 3614 ι
277 3585 507 3610 “““”““Ρ““·“““““

315 3664 378 3718 ¹13.
404 3664 433 3718 B.
459 3691 495 3704 -
519 3663 615 3719 inimus
639 3681 741 3720 omncs.
795 3666 860 3720 ¹E.
879 3691 915 3706 -
958 3665 1019 3718 nod.
1080 3659 1180 3714 ³5.-

304 3736 399 3788 nestri.
450 3735 465 3767 ⁴
493 3736 619 3792 maiorum
646 3747 801 3792 nostrorum.
863 3738 874 3771 ⁵
903 3683 976 3792 codd.
996 3733 1053 3802 (lb,
1079 3727 1135 3797 all.)
1153 3750 1178 3766 ‘¹

310 3804 486 3878 idcircoeme
500 3821 561 3859 nen.
607 3807 620 3839 ⁶
642 3808 761 3884 perinde.
