2546 4310
215 253 221 262 ,
249 187 327 246 run

122 376 130 390 κ
167 337 170 348 ’
199 341 323 412 rabilia,
349 337 401 398 sed
419 337 546 414 prodiqii
562 336 654 397 siras'ls
674 345 734 412 est,
756 335 834 414 qaod
855 339 964 412 diram
983 314 1016 400 ¹ut
1036 341 1124 399 ceteri

199 427 371 488 recentiores
389 421 458 498 (nisi
482 423 557 497 qnod
578 429 642 481 ante
665 441 708 480 me
732 429 809 482 erat:
830 423 1012 483 admirabilia
1030 428 1124 494 saal).

161 522 163 528 ’
200 507 305 568 Verum
329 525 363 566 ea
384 509 520 582 scriptura
544 513 686 565 auctorem
710 509 794 566 habet
818 525 899 565 unum
921 509 1047 566 codicem
1065 509 1147 566 00ae

201 595 373 665 laniensem3
396 593 427 648 in
447 591 561 664 reliquis
584 597 613 646 ct
633 592 720 648 honis
735 598 764 648 ει
784 593 863 650 malis
885 595 1030 672 sententia¹
1042 609 1127 649 ever-

200 679 269 735 titur
289 678 341 734 lrac
364 675 517 750 scriptura:
564 674 633 732 lloec
658 691 716 731 aaa
743 676 829 732 moda
855 674 997 732 mirabilia
1020 677 1125 744 lsaatJ,

202 760 254 818 sed
270 766 323 816 etc.
367 758 503 816 Volneret
519 757 590 814 enim
608 759 706 831 aliquis
728 760 922 831 gradationem
938 766 966 816 et
983 775 1127 816 ascensum

203 843 338 902 orationis
359 847 458 902 notare
481 857 533 899 nec
554 841 739 914 intellexerat,
768 848 824 899 tum
845 843 886 898 sic
907 844 968 900 hac
989 841 1128 900 dilatanda

112 963 117 970 -
150 913 152 932 ¹
204 944 284 986 esse:
324 924 393 984 Hac
414 923 595 982 admirabilia
618 927 778 996 (tantam),·
818 925 907 995 illad,
930 926 1007 998 qaod
1026 925 1127 996 dcam,
1206 929 1210 938 “
1270 910 1272 923 ’

203 1015 262 1069 aaa
282 1008 365 1067 moda
387 1007 571 1078 admirabile,
609 1007 662 1066 scd
685 1009 812 1081 prodipii
831 1010 922 1066 simile
949 1019 1000 1066 est.
1052 1009 1129 1065 Idem

181 1094 297 1153 ‘codex
317 1095 346 1150 in
367 1095 387 1161 §
405 1093 447 1148 cl
475 1093 551 1149 solus
574 1108 668 1148 veram
695 1095 858 1165 scripturam
890 1094 1019 1150 servavit.
1061 1092 1130 1148 Nam

205 1183 353 1253 postquam
374 1176 474 1235 Cicero
499 1191 534 1230 ex
558 1173 723 1231 adversariis
754 1177 898 1248 quesivit,
931 1176 997 1248 quid
1028 1173 1130 1232 lecturi

172 1320 176 1334 ,
206 1263 326 1332 luerint,
362 1259 507 1330 corrigens
537 1274 569 1314 sc
591 1265 677 1330 negat
698 1259 917 1330 interrogando,
950 1274 1019 1334 opus
1043 1259 1129 1314 luisse

206 1361 346 1418 quarere:
389 1343 587 1414 ,Quamquam
618 1340 688 1415 qaid
704 1341 812 1412 faciali
831 1342 960 1413 Ῐεεείιιε,
996 1339 1130 1411 ἀειιιεεε,

178 1459 183 1466 -
207 1423 434 1500 qaamoidcam,
456 1423 524 1498 qaid
545 1423 695 1495 secedim?
738 1424 824 1493 Ouum
846 1425 952 1484 librarii
967 1443 1023 1484 noa
1043 1426 1130 1482 intel-

206 1511 338 1582 ligerent,
360 1509 537 1571 coniunctivo
561 1509 645 1566 modo
666 1508 707 1566 sic
730 1509 907 1582 interrogari,
930 1517 959 1565 ut
975 1509 1001 1566 ei
1019 1510 1061 1566 rei
1083 1510 1131 1566 lo-

209 1611 270 1650 cum
294 1611 349 1652 nou
375 1609 437 1652 esse
462 1593 665 1664 significaretur
693 1591 781 1665 (quod
805 1611 839 1650 ne
868 1590 990 1668 Gravius
1020 1592 1131 1665 quidem

207 1693 280 1750 nec,
315 1677 364 1752 qui
391 1678 422 1738 ,ei
450 1676 590 1749 credidit,
622 1676 776 1734 Beneckius
800 1676 970 1732 intellexisse
994 1676 1132 1750 videntur,

210 1760 263 1817 elsi
285 1759 340 1818 sibi
360 1765 529 1833 repugnant3
559 1759 827 1817 'conceduntcnim
854 1765 930 1816 recte
958 1759 1031 1816 dici:
1070 1759 1133 1828 scd,

205 1843 278 1918 qaid
297 1843 409 1914 laetari
424 1842 547 1914 familis,
569 1840 712 1898 dubitem?
743 1842 821 1914 quasi
846 1843 874 1918 in
895 1842 949 1899 hac
972 1835 1132 1914 corripendi
1210 1845 1215 1853 “

207 1929 297 2000 ligura
318 1942 374 1984 non
396 1926 509 1982 eandem
531 1925 666 1982 rationem
687 1941 855 1998 qaamqacm
874 1922 989 1999 habeat)
1008 1953 1059 1997 -,
1083 1927 1133 1982 sed

208 2027 291 2083 quum
314 2003 421 2068 id'non
442 2009 647 2082 intelligerent,
681 2009 844 2083 particulam
869 2011 1026 2080 negativam
1050 2009 1135 2066 addi-

209 2094 309 2149 derunt
332 2095 406 2166 (noa
428 2091 586 2162 dalilam),
615 2109 667 2167 qua
697 2093 783 2148 ascita
812 2109 866 2149 non
888 2093 976 2150 solum
998 2093 1135 2164 frangitur

116 2197 131 2232 ·.
209 2177 321 2249 oratio,
365 2177 416 2234 sed
444 2176 540 2234 modus
570 2177 648 2233 verbi
680 2192 810 2232 summam
840 2177 1003 2249 pravitatem
1032 2176 1134 2258 habet,

210 2274 274 2332 nam
298 2261 449 2318 dubitativa
476 2260 583 2330 forma,
617 2277 697 2334 quam
719 2259 872 2316 Beneolsius
895 2259 989 2330 lingit,
1021 2257 1060 2315 ab
1081 2260 1135 2316 hac

209 2342 240 2400 iu
262 2344 431 2416 corrigendo
450 2342 656 2401 asseveratione
671 2343 839 2400 alienissima
856 2348 923 2399 εει.
936 2343 1033 2433 Neque
1045 2341 1135 2400 minus

212 2432 385 2498 certumst,
407 2430 427 2496 s
448 2426 518 2484 25·
510 2443 539 2482 nn
557 2428 612 2490 hoo
635 2427 697 2484 solo
718 2423 790 2484 uoto
811 2426 909 2483 codice
926 2420 1033 2493 (unm'
1015 2443 1044 2481 ru
1059 2441 1135 2482 mar-

163 2545 167 2554 ·
211 2510 279 2580 gine
299 2509 467 2568 Lambiniani
489 2511 607 2584 exempli
632 2509 687 2566 duo
712 2509 825 2566 codices
848 2509 1035 2582 appellantur)
1057 2515 1135 2566 recte

212 2593 345 2666 scriptum
366 2611 443 2651 esse:
463 2593 556 2666 Alqaa
574 2595 605 2648 ia
620 2593 675 2650 dcc
698 2591 808 2666 quidem
829 2591 876 2650 aci
896 2607 958 2650 cam
978 2589 1143 2666 mendacio,

211 2693 238 2734 ει
257 2677 361 2747 velitis,
381 2678 550 2749 adoriamini,
577 2693 631 2748 per
650 2693 693 2732 mc
710 2675 785 2746 licet,
820 2675 868 2732 nbi
889 2677 918 2732 in
941 2677 1051 2748 ceteris,
1079 2693 1135 2734 non

172 2763 174 2770 ’
211 2759 401 2818 animadversa
423 2761 476 2816 hac
497 2767 650 2818 structura:
669 2759 829 2830 ploriemiai
850 2758 926 2829 iicet,
949 2759 1062 2816 verbum
1084 2775 1135 2816 oc-

201 2843 412 2901 ‘commodatum
436 2849 479 2900 est
500 2842 658 2911 adscitis,
680 2848 710 2898 ut
732 2848 820 2898 esset:
843 2844 871 2898 si
889 2841 983 2898 velitis
1004 2842 1135 2914 alariari,

212 2941 249 2983 ex
276 2939 329 3002 qua
357 2928 495 3000 scriptura
523 2926 637 2982 alteram
661 2925 736 2980 illam
765 2923 955 2996 (adoriamini)
976 2926 1054 2982 nasci
1080 2943 1135 2983 noa

106 3085 108 3090 Ι
198 3009 337 3088 potuisse
369 3015 493 3083 apparet.
539 3009 614 3065 ldem
645 3023 714 3064 unus
739 3025 754 3064 a
777 3008 937 3066 melioribus
965 3007 1066 3065 codex
1086 3009 1136 3066 sed

124 3109 148 3118 ’·
199 3109 274 3150 cum
306 3091 492 3150 deterioribus
512 3093 618 3166 aliquot
645 3091 807 3147 coniunctus
831 3095 850 3159 §
873 3092 912 3148 17
936 3109 1031 3149 veram
1053 3074 1137 3149 habet

173 3177 349 3238 rorationis
378 3177 524 3232 formam
516 3193 546 3232 ru
569 3172 689 3270 simplici
718 3175 1136 3246 condicionissignificatione:

213 3257 255 3318 Ac
275 3259 342 3318 milri
362 3259 488 3334 paidom,
533 3261 560 3314 si
583 3259 731 3332 propriam
752 3265 781 3313 ct
807 3275 902 3315 ceram
923 3273 1024 3316 nomen
1044 3261 1139 3318 nostri

212 3342 282 3400 mali
302 3346 448 3417 quaritur,
466 3343 568 3415 fatalis
588 3339 717 3416 quadam
738 3342 886 3398 calamitas
903 3341 1035 3398 incidisse
1057 3341 1137 3400 aide-

214 3434 279 3498 lar,
308 3428 354 3484 uhi
376 3427 404 3484 in
426 3425 540 3500 reliquis
563 3432 605 3483 est
625 3433 788 3498 qnaralar,
820 3425 897 3500 quasi
922 3424 1022 3482 Cicero
1044 3427 1137 3496 signi-

214 3513 295 3583 licet,
335 3528 390 3568 non
420 3512 523 3584 quari,
562 3512 605 3578 (ut
626 3509 704 3582 sequi
728 3510 812 3566 etiam
833 3509 959 3565 debuerit
979 3508 1137 3576 videatur).
1182 3565 1184 3570 ,

213 3594 281 3650 Nem
310 3610 380 3650 cum.
398 3593 528 3664 ridetur,
559 3608 617 3650 uon
640 3609 699 3648 cum
718 3585 826 3649 'inunita
849 3593 983 3649 sententia
1006 3593 1138 3650 condicio

214 3677 395 3736 connectitur.
426 3678 518 3750 Atque
533 3677 639 3734 duobus
650 3675 840 3748 superioribus
854 3677 924 3733 locis
937 3693 1018 3748 quum
1029 3677 1139 3732 verita-

212 3765 268 3818 lem
289 3758 343 3818 iam
362 3762 472 3836 priores
493 3761 581 3822 secuti
603 3764 705 3834 esseut,
727 3759 862 3832 Klotzius,
883 3757 1046 3833 Beneckius,
1067 3759 1137 3818 Scl-
