2546 4310
313 229 340 282 X

262 383 306 442 Aa
328 389 424 456 potest
443 384 589 456 quisquam
606 381 747 459 dubitare,
768 384 838 460 quire
856 384 889 460 0.
904 385 1032 459 &aaran
1043 388 1075 446 fo
1091 387 1193 450 eatae

223 470 227 478 '
261 469 403 525 sententio
431 468 548 539 suturae
574 467 663 538 fuerit
684 470 779 541 (quam
800 470 964 544 scripturam
987 490 1049 528 num
1070 472 1193 532 Coloni-

262 553 336 610 ensis
359 554 518 623 confirmet,
555 553 628 624 quod
651 553 787 610 soldanus
815 554 930 625 aoribit,
965 553 1099 614 incertum
1122 562 1192 630 eat),

262 636 385 693 melioris
404 637 515 692 familiae
529 636 612 708 (Eri,
634 636 719 708 leid,
739 635 808 694 Gud.
822 639 854 709 2,
871 638 1034 711 Setistnrg„
1057 641 1117 698 Par.
1134 641 1191 712 11)

261 721 503 792 interpolationem
525 727 670 791 sequentes
693 721 892 778 substituerunt
912 721 1014 791 sufeaet
1033 723 1188 793 foturus.¹

261 803 317 859 Sed
334 804 408 875 quod
426 803 461 858 de
478 803 605 860 codicum
621 805 764 860 meliorum
779 805 860 860 laude
877 803 1055 878 temperanda
1072 808 1101 864 ia
1119 825 1192 866 ora-

260 888 338 950 tione
360 887 506 958 Ligariana
524 887 593 959 dixi,
616 888 645 944 id
654 888 740 946 multo
758 889 839 944 latius
857 895 933 961 patet
948 890 978 945 in
993 907 1036 959 ea,
1058 908 1119 964 quae
1134 909 1191 964 pro

259 971 393 1027 Deiotaro
405 971 499 1027 babila
511 977 562 1028 est.
595 973 661 1028 Nam
680 973 727 1028 bie
744 973 764 1028 ii
785 973 910 1044 codices,
934 973 1031 1046 quibus
1048 974 1094 1030 ille
1109 993 1191 1032 esu-

184 1101 187 1106 ,
259 1055 417 1127 perioribua
441 1054 613 1112 orationibus
635 1055 769 1112 bonitatis
792 1056 889 1128 opinio
911 1057 1044 1128 adhaeret,
1066 1059 1104 1114 ita
1124 1067 1192 1116 aunt

259 1139 412 1195 manifestis
445 1139 585 1194 aaronitas
615 1139 930 1212 interpolationibueque
961 1140 1123 1214 depravati,
1158 1151 1191 1200 ut

259 1224 390 1294 exiguam
419 1222 540 1278 habeant
566 1223 766 1294 prestantium,
801 1239 889 1294 neque
915 1237 1017 1280 rarou
1044 1224 1190 1284 deteriore

259 1307 363 1362 familia
395 1312 442 1362 ant
475 1321 490 1360 a
523 1306 622 1361 mediis
657 1307 817 1378 quibusdam
848 1305 891 1379 (iu
922 1324 977 1379 quo
1008 1325 1112 1379 genere
1143 1317 1191 1366 est

257 1391 375 1446 maxime
395 1387 533 1445 Gudianus
555 1389 642 1461 prior,
665 1389 775 1445 minime
795 1390 854 1446 fere
876 1391 994 1446 omnium
1013 1393 1189 1464 inquinatus)

257 1470 447 1544 vincantur;²
483 1473 535 1528 etai
558 1473 669 1528 omuino
692 1473 856 1528 familiarum
878 1474 1038 1532 discrimina
1058 1493 1189 1550 persepe

257 1557 476 1630 confunduntur,
511 1557 607 1618 eadem
636 1557 851 1630 interpolatione
882 1574 933 1630 per
965 1565 1108 1632 utramque
1138 1567 1189 1617 aut

255 1691 487 1707 ——n———n-——n

257 1768 266 1794 ¹
283 1770 450 1821 intereram
471 1767 611 1824 aorlpturarn
630 1773 712 1813 nervat
729 1768 799 1811 eodan
818 1768 966 1814 Erfurtenaia
978 1781 993 1818 a
1004 1769 1078 1826 prima
1097 1783 1186 1817 manue

286 1825 363 1873 Vide,
382 1835 475 1877 quareo,
499 1824 609 1873 Tubero,
632 1829 673 1873 ut,
695 1825 781 1880 oufde
795 1835 847 1866 meo
859 1826 930 1877 sueto
945 1836 993 1868 aare
1008 1825 1132 1877 dubitem,
1151 1830 1187 1872 da

278 1877 379 1932 Ligarii
398 1889 447 1918 noo
468 1879 573 1919 audeam
600 1878 729 1929 eonfiterf,
760 1888 858 1932 aamqrro
882 1882 966 1932 praeter
989 1891 1026 1921 me
1048 1879 1186 1924 Beuaolriua

276 1930 366 1986 tenuit,
383 1929 424 1972 aad
440 1929 500 1973 male
516 1929 645 1974 enarravit.
674 1929 836 1973 Animadverti
851 1933 913 1975 enlm
928 1931 1011 1973 (tinere
1025 1932 1090 1984 vult,
1111 1946 1186 1988 quum

276 1985 305 2028 de
320 1997 362 2028 auo
378 1985 441 2028 fanto
456 1985 491 2035 (aa
504 1995 548 2027 ειιε
563 1985 682 2028 voluntate
697 1998 748 2028 oum
761 1984 863 2028 caseri·
877 1984 1021 2030 adveraarlie
1035 1986 1121 2037 fuiaee)
1136 2003 1184 2032 non

276 2037 367 2082 dubitet
383 2036 503 2092 confiteri,
524 2038 558 2080 ele
569 2037 659 2092 Ligarii
673 2039 762 2082 dtrbitet
777 2052 819 2082 noa
834 2039 931 2093 audeat,
951 2037 974 2081 id
991 2052 1035 2082 uon
1051 2040 1104 2083 ideo
1119 2042 1185 2094 ueri,

274 2091 1185 2200 tttltltttt³tltlt::tttlllfllt‘tt¹‘tl“lttlftt‘

275 2199 298 2242 irl
314 2202 342 2244 ale
358 2199 452 2256 Ligario
470 2158 576 2242 ciatrem
592 2213 637 2242 oon
654 2201 740 2256 poenit.
755 2199 794 2256 qni
810 2160 1054 2245 nuttam'votuniatem
1065 2161 1120 2246 {pce
1127 2164 1185 2247 eom?

275 2254 352 2297 uilium
375 2253 484 2298 babuerit
504 2253 560 2296 belli
583 2261 665 2297 eontra
686 2257 804 2298 (laeaarom
824 2255 930 2310 gererali.
964 2255 1041 2310 Atque
1061 2259 1185 2302 contrarie

277 2307 315 2352 bie
336 2308 442 2365 componi
461 2309 520 2361 (noo
539 2308 649 2350 dubitem
667 2320 692 2353 a:
707 2311 813 2352 audeam
828 2317 852 2352 et
866 2323 915 2352 non
929 2311 1060 2361 audeam),
1086 2323 1115 2353 eu
1130 2317 1185 2358 toan

277 2363 390 2406 oratiouia
404 2363 480 2404 formu
493 2360 709 2406 manifestissimum
724 2368 768 2406 eat.
797 2361 843 2406 Sed
859 2364 970 2420 primum,
987 2376 1056 2418 quom
1071 2363 1131 2407 dura
1144 2367 1182 2408 vi-

276 2418 375 2461 deretur
388 2415 499 2460 infinitivi
513 2415 536 2457 in
553 2418 632 2470 priore
647 2418 748 2460 membro
762 2416 864 2470 omissio,
877 2417 906 2460 ad
921 2429 971 2460 mon
989 2419 1099 2462 dubitem
1113 2419 1183 2463 addi-

277 2477 325 2515 tum
340 2475 377 2515 eet
391 2473 493 2522 dicere,
525 2471 568 2514 noel
584 2471 608 2514 in
625 2470 735 2514 Leialonei
752 2477 777 2514 et
790 2471 926 2514 Erfnrtenai
941 2485 967 2514 au
986 2485 1014 2516 ra
1027 2471 1152 2526 scribitur,
1166 2487 1183 2518 a

276 2525 420 2578 Coloniensi,
436 2529 461 2568 ut
475 2538 489 2568 a
503 2482 656 2576 gutucatttant
669 2525 785 2569 oodieibua
803 2537 897 2582 proraua
912 2486 992 2578 ebear,
1007 2525 1128 2580 oratioque
1143 2527 1182 2570 vi.

275 2581 342 2625 tiata.
375 2578 600 2644 lt'umaiepondua.
623 2580 769 2632 quodtotum
785 2579 859 2623 ertia
875 2579 1053 2635 blaoppoaitiae
1080 2583 1111 2623 da
1124 2593 1180 2624 meo

272 2639 353 2689 sorta,
365 2637 397 2678 de
413 2634 526 2698 bfgtrar',
538 2645 590 2698 'noo
605 2634 729 2700 dubitem,
744 2648 793 2677 non
807 2636 927 2686 audeam,
941 2635 1030 2678 videtu.
1050 2633 1120 2676 etiam
1136 2635 1182 2678 ali-

275 2686 1181 2796 ttttsttttlitlllttttltttttmttttt'ttttltlttttttlt

275 2805 299 2840 et
314 2810 361 2840 noo
377 2798 495 2847 auduom,
516 2795 616 2838 alterum
637 2797 764 2840 membrum
781 2795 933 2854 depravatum
947 2801 997 2848 εει,
1019 2796 1102 2844 omieea
1115 2809 1178 2850 aon,

274 2864 349 2906 eaque
364 2849 500 2906 depravatio
520 2849 566 2892 lam
587 2849 610 2891 ιἰι
632 2863 659 2892 eo
680 2850 772 2904 codiee,
798 2863 842 2905 quo
864 2847 1035 2900 Quirrctiliauua
1056 2861 1112 2892 uarro
1132 2857 1180 2902 εει,

275 2906 350 2949 futare
366 2903 473 2954 videtum
496 2916 523 2948 ae
537 2903 624 2946 fefellit
638 2904 740 2948 fortaaae
754 2902 967 2954 etiem‘eeutentier
1003 2904 1100 2946 utebant
1114 2903 1180 2948 enim

274 2961 411 3004 Ciceronem
427 2958 497 3001 etlam
513 2958 541 3000 de
559 2957 653 3012 Ligario
668 2959 787 3011 confiteri,
816 2971 884 3013 quem
905 2957 928 3000 in
945 2960 1027 3002 Africa
1041 2957 1115 3000 fuisse
1130 2971 1179 3002 nou

274 3019 345 3070 neget
361 3020 385 3056 et
402 3013 427 3056 fn
449 3025 477 3054 eo
497 3011 587 3066 eulpam
603 3012 689 3054 nullam
704 3024 757 3054 erae
771 3011 882 3068 aliepntet.
912 3011 999 3056 Verum
1013 3010 1130 3054 confessio
1147 3025 1180 3056 ea

273 3068 421 3166 intelllpitur‚
437 3066 526 3121 quade
542 3078 569 3107 ee
584 3077 639 3108 naua
654 3070 691 3110 eat
705 3067 801 3110 Gioero:
827 3068 945 3119 snaeepto
961 3067 1024 3110 bello
1039 3066 1178 3118 -judfoto

273 3136 304 3164 oo
319 3124 521 3167 mammete..
546 3132 613 3174 qrram
634 3133 649 3162 a
669 3119 758 3186 biperii
777 3132 849 3163 eeuau
867 3118 1044 3173 diligentiaaime
1060 3127 1175 3165 removet.

274 3177 356 3231 ltaque
372 3187 444 3228 pravo
459 3173 574 3216 Solalauua
590 3177 613 3216 et
632 3173 736 3216 [fleterna
758 3174 859 3224 eodieum
879 3175 989 3218 maiorem
1009 3185 1130 3216 numerum
1152 3179 1179 3217 et

273 3231 456 3282 Quinetilr'auum
472 3231 603 3280 aeqrrrautrrr
620 3240 663 3274 nae
678 3227 818 3272 sententiam
837 3227 909 3272 ullam
929 3229 1072 3284 relinquunt.
1100 3226 1179 3280 (Quod

271 3285 386 3328 Stridenue
403 3286 468 3336 pultat
481 3279 528 3323 baro
548 3281 634 3324 verba:
662 3283 736 3332 olda,
765 3279 792 3323 ul
815 3295 864 3324 nora
884 3286 989 3325 audeam
1008 3281 1070 3325 verti
1092 3295 1177 3337 posue:

272 3339 345 3382 Sa'ebe
357 3337 435 3386 dorla,
462 3337 505 3378 wr'e
525 3334 600 3376 rottae
619 3334 877 3385 frbmiobaobeuen.
903 3335 1148 3389 aberrationgtaeina
1163 3348 1179 3378 a

270 3406 343 3443 vero;
373 3390 431 3434 nibil
450 3389 512 3432 enim
533 3388 596 3431 aliud
617 3388 751 3444 significare
775 3395 885 3446 poeaunt,
904 3389 950 3434 niai
965 3389 1019 3433 lance
1044 3389 1177 3432 Siebeaofe

271 3447 311 3492 fob
327 3461 353 3490 ea
368 3443 438 3488 ntulit
453 3457 537 3500 renger
567 3447 650 3498 eatque
666 3441 686 3486 ie
701 3455 776 3486 nermo
791 3445 857 3499 eJua,
878 3443 917 3500 qui
931 3443 1086 3487 animadverti
1099 3443 1177 3498 jubet,

286 3502 408 3549 nebant.)

238 3561 250 3584 ¹
268 3517 374 3601 gadiram
391 3550 451 3596 (ind.
469 3552 479 3593 l
496 3549 623 3600 artronum.
639 3553 679 3606 qrri
694 3551 743 3606 ipae
758 3551 870 3601 eontulit,
889 3551 949 3595 t'alao
965 3565 1017 3595 enm
1032 3551 1072 3593 illa
1086 3549 1178 3601 Erfur-

264 3609 349 3662 tenaia,
367 3606 469 3652 (ludioni
484 3607 590 3658 renuardi,
604 3605 799 3660 salisburgeoaia,
815 3605 957 3650 Paririenaia
974 3605 1006 3650 Xl
1019 3605 1107 3648 familia
1118 3619 1176 3648 eon-

264 3663 352 3720 iuugit,
370 3661 480 3717 equitur
495 3661 518 3704 iu
536 3660 565 3703 iia
581 3661 646 3714 looie,
664 3661 702 3704 nbi
718 3659 816 3704 menime
831 3659 954 3706 discrimen
964 3659 1104 3702 familiarum
1116 3659 1176 3702 emi-

251 3723 253 3728 “
267 3723 316 3772 net,
330 3729 426 3774 protana
442 3713 542 3759 aliaeeallt
556 3718 576 3768 (f
593 3717 603 3762 l
619 3715 741 3766 uolebam,
762 3713 801 3768 §2
822 3715 950 3758 crudelem
973 3716 1105 3764 cautorem,
1136 3717 1175 3767 §a

267 3787 323 3816 eum
338 3771 414 3814 verta
429 3771 575 3878 pudietom,
599 3771 788 3826 §flodfeetum
811 3769 972 3822 literarum,
995 3769 1048 3822 §lt
1063 3772 1132 3812 tanto
1146 3789 1174 3802 -

267 3832 365 3884 quanto,
384 3831 427 3869 eto.
