2468 4318
261 233 352 290 ruo
383 232 507 288 aneu
535 231 751 327 mautarn.
858 313 863 320 ἱ
891 197 896 204 ’
940 235 973 284 or

41 406 382 490 undequinquagesimo
414 404 463 468 die
492 411 585 468 totam
615 404 653 468 ad
682 402 840 484 imperium
872 401 977 484 populi

40 493 170 557 Romani
195 491 335 553 Ciliciam
357 489 508 564 adiunxit3
542 506 664 566 ornnes,
688 489 739 568 qui
761 487 874 567 ubique
894 502 977 568 prae-
1083 523 1088 530 ,
1160 525 1164 539 ·

41 578 136 640 dones
159 575 307 651 luerunt,
333 574 440 655 partim
462 574 540 654 copti
562 571 774 652 interfectique
797 577 881 647 sunt,
903 573 978 651 par-

40 662 90 722 tim
109 660 205 721 nnius
223 657 314 720 huius
336 675 370 720 se
393 657 532 737 irnperio.
547 674 582 718 ao
604 655 751 737 potestati·
769 651 977 716 dediderund.

41 743 122 806 ldem
147 741 363 816 Cretensibus
388 758 479 821 quum
502 740 540 802 od
565 757 632 802 oum
654 756 752 820 usquc
773 739 805 799 in
825 736 977 818 Pamphy-

43 826 110 888 liam
133 824 262 907 legatos
284 824 560 904 deprecatoresque
583 823 754 899 misissent,
783 838 869 902 spem
888 821 977 883 dedi-

42 911 133 972 tionis
165 926 236 970 non
265 908 376 970 ademit
405 906 588 988 obsidesque
618 906 783 987 imperavit.
838 904 881 967 lta
907 911 988 968 tan:

44 1000 101 1054 tum
122 990 263 1068 bellum,
283 996 342 1052 tom
365 990 553 1069 diuturnum,
576 996 635 1052 tarn
657 989 749 1072 longo
770 990 889 1070 lateque
910 989 977 1050 dis-

42 1094 186 1156 persum,
218 1091 281 1156 quc
308 1074 391 1136 bello
422 1091 527 1136 omnes
551 1080 660 1155 gentes
684 1091 719 1134 ac
743 1074 880 1138 nationes
897 1089 977 1153 pre·
1047 1113 1048 1118 κ
1186 1139 1187 1142 ,

13 1191 15 1196 ,
45 1159 225 1236 mebantur,
262 1155 316 1219 Cn,
339 1157 504 1237 Pompeius
534 1163 666 1218 extrema
689 1155 789 1218 hieme
812 1157 977 1237 apparavit,
1071 1189 1072 1192 =

45 1243 169 1304 ineunte
193 1259 271 1304 vere
295 1241 447 1322 suscepit,
481 1240 713 1302 media-esstote
739 1239 878 1305 coniecit.
925 1239 978 1302 Est
989 1254 1024 1304 ac
1041 1231 1090 1304 13
1149 1303 1155 1314 ,

45 1325 107 1387 hec
147 1325 256 1388 divina
294 1331 385 1404 atque
422 1324 608 1392 incredibilis
642 1324 738 1386 virtus
778 1319 977 1404 imperatoris.
1074 1369 1079 1386 ,

49 1408 155 1481 Quid?¹
187 1415 313 1484 cetcrae,
335 1423 410 1488 quas
431 1407 533 1487 paullo
556 1413 623 1468 ante
642 1415 879 1469 commemorare
901 1424 984 1468 coe--

47 1510 159 1571 peram,
184 1498 308 1573 quautae
331 1496 421 1570 atque
443 1508 532 1572 quarn
553 1491 653 1552 multe
674 1490 770 1552 sunt?
807 1489 874 1552 Non
897 1491 978 1552 enim

48 1575 181 1638 bellandi
206 1576 305 1637 virtus
326 1573 452 1636 solome
485 1574 516 1634 in
534 1590 650 1635 summo
672 1573 732 1634 ao8
759 1572 896 1653 perfecto
917 1574 979 1635 im-

49 1665 189 1738 peratore
215 1656 380 1740 quaerende
402 1662 457 1734 est,
479 1655 532 1717 sed
550 1657 650 1718 multae
666 1661 736 1718 sunt
755 1662 834 1718 artes
851 1656 979 1732 eximie,

49 1741 135 1804 liuius
169 1742 357 1804 administrae
387 1739 573 1818 comitesque
603 1740 728 1801 virtutis.
776 1738 823 1801 Ac
850 1739 979 1821 primum

52 1833 160 1904 quantu
182 1825 361 1890 innocentia
384 1823 494 1884 debent
516 1840 585 1884 esse
607 1821 831 1904 imperatores?
869 1828 981 1904 quanta

52 1907 157 1970 deinde
178 1910 212 1970 in
237 1907 395 1970 omnibus4
418 1906 509 1970 rebus
528 1905 749 1988 temperantia?
772 1911 880 1987 quanta
895 1904 979 1967 fide?

54 2000 161 2069 quanta
173 1991 347 2055 facilitate?
363 1998 473 2070 quanto
486 1989 635 2072 ingenio?
656 1995 765 2072 quanta
774 1987 979 2052 humanitate?

54 2073 123 2145 Quae
135 2076 286 2152 breviter,
308 2075 409 2155 qualia
426 2074 485 2136 sint
502 2074 533 2136 in
552 2072 605 2135 Cn.
618 2073 773 2154 Pompeio,
798 2074 979 2136 considero-

54 2175 135 2234 mas3
158 2157 578 2229 summaeuimomniasunt,
593 2157 743 2233 Quirites3
766 2157 821 2220 sed
833 2175 869 2220 ea
881 2157 980 2238 magis

55 2242 242 2306 oxaliorum
258 2242 450 2308 contentione
472 2259 560 2320 quarn
580 2241 647 2322 ipsa
668 2260 725 2323 per
747 2258 817 2304 sese
833 2238 980 2324 cognosci

56 2329 140 2404 atque
153 2325 287 2406 intelligi
300 2325 438 2406 possunt.
471 2323 566 2397 Quem
580 2325 658 2386 enirn
676 2327 887 2406 imperatorem
903 2341 980 2405 pos-
991 2345 1026 2395 aa

58 2424 156 2471 sumas
179 2411 278 2472 ullc⁶
316 2408 346 2470 iu
374 2424 500 2470 numero
522 2415 647 2490 putare,
682 2410 768 2472 ouius
789 2409 821 2470 in
845 2408 982 2470 exercitu

58 2498 184 2570 veneant
205 2493 392 2555 centuriatus
415 2497 505 2571 atque
527 2492 699 2554 venierint?
728 2491 799 2572 quid
819 2491 900 2554 hunc
920 2491 982 2553 ho-

61 2574 166 2637 minem
188 2593 332 2658 magnum
353 2581 404 2638 aut
426 2574 555 2654 amplum
575 2574 613 2636 de
635 2575 812 2657 republica
835 2575 982 2660 cogitare,

61 2657 110 2734 qui
143 2661 306 2739 pecuniam
340 2677 380 2720 ex
412 2658 521 2720 aerario
560 2656 766 2740 depromptam
802 2656 839 2720 ad
870 2653 983 2720 bellurn

62 2738 324 2806 administrandum
359 2748 411 2804 aut
437 2747 563 2822 propter
595 2742 786 2822 cupiditatem
817 2741 982 2823 provinciae

62 2821 282 2908 magistratibus
311 2825 449 2889 diviserit
474 2831 525 2886 aut
558 2832 683 2906 propter
706 2827 858 2888 avaritiam
881 2824 984 2887 noma

63 2903 92 2965 in
122 2918 239 2986 questu
268 2907 453 2990 reliquerit?
501 2907 609 2972 Vestra
639 2908 870 2972 admurmuratio
901 2906 985 2985 lacit,

38 3063 43 3072 ι
66 2986 211 3076 Quirites,
235 2999 267 3055 ut
288 3008 457 3075 agnoscere
478 2990 666 3069 videamini,
682 2993 733 3073 qui
756 2993 819 3055 hoec
837 2991 984 3064 iecerint3

66 3087 120 3151 ogo
146 3083 245 3140 autem
266 3077 389 3138 nominc
417 3075 595 3137 neminem⁶
608 3095 618 3152 ;
664 3093 758 3156 quare
789 3077 881 3142 irasci
912 3073 986 3138 mihi

67 3168 149 3218 nemo
169 3159 299 3241 poterit,
338 3159 398 3222 nisi
430 3159 482 3239 qui
515 3165 583 3221 ante
614 3159 653 3222 de
674 3178 709 3222 se
732 3160 863 3224 voluerit
887 3156 986 3221 conli-

69 3239 129 3300 lori.
176 3243 279 3325 ltaque
312 3248 439 3322 propter
473 3241 552 3303 hanc
588 3244 741 3322 avaritiam
773 3245 988 3324 imperatorum

71 3329 187 3397 quantas
211 3327 416 3403 calamitates,
449 3336 773 3407 quocunqueversum
800 3329 858 3404 sit,
890 3323 987 3389 nostri

71 3410 212 3474 exercitus
233 3409 349 3486 ferant,
384 3406 452 3488 quis
484 3408 639 3490 ignorati·
679 3409 807 3489 ltinera,
839 3427 905 3492 quae
932 3424 988 3489 per
998 3419 1035 3468 ³8

72 3479 158 3552 hosce
174 3511 274 3558 vannos
296 3493 328 3555 in
349 3491 434 3556 ltalia
455 3509 511 3574 per
532 3511 624 3576 agros
647 3501 736 3577 atque
755 3494 865 3577 oppida
879 3493 1000 3586 civium

77 3611 294 3638 Q-——n

108 3692 619 3769 1Ε.--1ιιιῑιιείιιη).ιηηεἀρα.
666 3702 730 3752 ΕΕ.
751 3703 783 3752 Η.
803 3701 860 3754 eald.
878 3711 937 3753 cett.
955 3727 990 3738 -
1038 3719 1041 3724 ·

107 3765 157 3816 solt.
175 3769 234 3824 bell.
255 3774 311 3822 virt.
352 3772 415 3822 ὃΕ.
435 3799 471 3810 -
490 3781 577 3840 atquo.
608 3773 852 3832 ⁴E.÷-omn.iu.
885 3773 991 3823 ’Βλ-

108 3847 171 3897 poss.
190 3843 281 3909 imper.
303 3842 399 3910 aliquo.
446 3843 458 3873 ⁰
480 3841 512 3893 Ε.
532 3843 564 3893 ll.
582 3869 620 3892 .--
636 3845 768 3896 neminem
787 3857 857 3896 nom.
