2468 4318
281 231 317 281 Ω
585 225 901 283 onusto-11.
1058 216 1071 228 ³

280 396 415 464 intimum
432 396 568 464 Cutiliae
586 417 657 464 csse
672 398 812 477 laterum,
833 415 923 464 nemo
945 399 978 463 in
997 414 1090 464 scena
1106 397 1186 462 levior

280 489 311 547 et
334 484 474 566 nequior,
499 483 607 565 quise
631 501 693 546 non
717 484 853 547 eiusdem
874 501 972 566 prope
985 483 1128 546 'sodalem
1144 483 1186 544 lu-

278 568 342 634 isse
364 572 586 630 commemoret
629 566 729 649 Atque
750 567 832 630 idem
853 573 963 646 tamen,
984 573 1151 648 stupromm
1165 572 1187 626 ct

279 652 429 716 scelerum
445 651 663 713 exercitatione
680 650 868 716 assuefactus
884 651 1003 734 frigore
1023 657 1055 711 et
1078 649 1153 712 fame
1165 654 1188 708 et

278 735 328 798 siti
353 752 389 796 ac
412 733 526 816 vigiliis
547 732 755 815 perferendis,
793 733 881 796 fortis
902 735 940 814 ab
963 735 1028 797 istis
1051 733 1188 814 pradica-

204 829 210 840 '
247 863 250 872 -
277 819 383 894 batur,
422 835 512 899 quum
541 818 695 880 industrie
724 817 858 882 subsidia
889 825 978 900 atque
1006 819 1187 880 instrumenta

233 901 394 972 1cvirtutis
426 901 457 963 in
491 901 616 964 libidine
649 901 834 982 audaciaque
862 907 1066 986 consumeret.
1117 899 1188 960 llum

277 1001 352 1049 vero
374 984 400 1046 si
423 986 517 1047 secuti
539 991 627 1049 eruut
645 985 693 1047 sui
711 986 847 1061 comites,
871 986 898 1048 si
920 1003 960 1048 ex
978 985 1056 1048 urbe
1074 982 1187 1044 exierint

277 1069 503 1152 desperatorum
527 1068 679 1131 bominum
702 1068 845 1152 flagitiosi
866 1087 991 1152 greges,
1014 1084 1110 1132 onos
1123 1067 1187 1127 bea-

275 1157 342 1231 tos,
367 1170 385 1215 o
407 1169 471 1215 rem
492 1152 643 1233 publicam
664 1151 865 1230 fontinatam,
888 1170 906 1213 o
929 1153 1108 1234 praeclaram
1131 1149 1185 1210 lau-

213 1263 216 1270 ·
275 1237 344 1300 dem
368 1235 541 1298 consulatus
563 1233 639 1298 mcii
666 1234 735 1299 Non
756 1237 837 1300 enim
858 1239 917 1298 iam
939 1241 1009 1298 sunt
1028 1233 1185 1298 mediocres

240 1389 242 1395 ,
273 1319 429 1383 bominum
453 1319 613 1395 libidines,
644 1336 706 1382 non
732 1319 869 1382 humane
890 1318 1031 1390 ‚audacie
1061 1336 1100 1380 ac
1119 1315 1187 1378 tole-

274 1402 395 1480 randae5
427 1403 502 1466 nibil
520 1403 654 1486 cogitant
675 1403 734 1466 nisi
753 1403 862 1480 cades,
883 1403 943 1468 nisi
965 1402 1118 1478 incendia,
1139 1395 1185 1459 nisi
1218 1399 1219 1412 ¹

273 1487 407 1569 rapinas.
444 1485 626 1550 Patrimonia
646 1505 701 1550 sua
722 1485 938 1568 proludemnt;
968 1485 1108 1549 fortunas
1129 1495 1185 1544 suas

275 1569 528 1654 obligaverunt13
561 1587 613 1632 res
634 1587 689 1632 eos
713 1570 900 1651 iampridem,
921 1569 995 1632 fides
1018 1586 1119 1651 nuper
1139 1565 1184 1626 de-
1218 1621 1219 1626 ,

273 1654 390 1718 frccre’
412 1655 530 1736 coepit3
542 1654 661 1732 ,eadem
677 1659 778 1717 tamen
794 1654 856 1732 illa,
878 1668 944 1736 quae
958 1660 1025 1716 erat
1044 1653 1079 1716 in
1098 1651 1185 1713 abun

208 1773 211 1778 ·
273 1739 392 1816 dantia,
427 1738 521 1801 libido
550 1744 716 1819 permanet.
764 1737 852 1811 Quod
875 1739 905 1824 si
923 1737 956 1800 iu
976 1737 1048 1802 vino
1079 1741 1111 1798 et
1131 1731 1184 1826 alea
1218 1773 1219 1826 p

272 1822 504 1886 comissationes
527 1821 625 1884 solum
647 1827 677 1883 et
697 1828 797 1884 scorta
819 1827 998 1903 quaererent,
1026 1823 1131 1884 essent
1149 1811 1183 1874 ll

271 1905 394 1988 qrridem
418 1903 617 1986 desperandi,
646 1904 702 1967 sed
723 1911 823 1968 tamen
844 1911 947 1968 essent
965 1903 1105 1978 ferendi3
1136 1898 1184 1990 hoc
1218 1961 1219 1974 ,

272 2005 347 2052 vero
370 1989 437 2071 quis
455 1988 542 2050 ferre
565 1990 680 2070 possit,
713 1990 826 2052 inertes
855 1989 993 2052 homines
1019 1984 1181 2050 tortnsims
1218 2003 1219 2042 t

272 2074 346 2136 viris
367 2072 520 2148 insidiari,
548 2071 742 2136 stultissimos
765 2071 1023 2154 prudentissimis,
1055 2069 1182 2134 ebriosos
1218 2093 1219 2098 κ

272 2155 395 2235 sobriis,
420 2155 603 2218 dormientes
623 2155 841 2239 vigilantibus?
873 2156 924 2237 qui
945 2155 1018 2218 mibi
1039 2152 1180 2219 accuban-
1218 2183 1219 2222 t

260 2246 319 2303 tes
339 2240 370 2302 in
394 2239 559 2317 conviviis,
583 2241 733 2322 complexi
754 2239 898 2303 mulieres
917 2238 1102 2320 impudicas,
1121 2234 1179 2296 vlu⁰
1218 2227 1219 2306 ἶ

271 2322 424 2406 languidi,
448 2322 604 2385 conferti³
634 2323 723 2403 cibo,
747 2324 836 2387 sertis
857 2322 1005 2400 redimiti,
1028 2315 1179 2406 unguentis

271 2407 374 2485 obliti,
409 2405 554 2470 debilitati
582 2408 712 2488 stupris,
747 2414 882 2470 eructant
909 2405 1101 2470 sermonibus
1121 2398 1178 2484 ,suis
1218 2443 1219 2514 p

224 2501 257 2552 11
271 2490 383 2554 cedem
402 2491 552 2554 bonorum
573 2498 662 2572 atque
682 2491 766 2553 urbis
789 2491 937 2554 incendia.
985 2489 1101 2566 Quibus
1129 2495 1178 2564 ego

195 2651 196 2656 ἵ
270 2575 390 2638 conlido
411 2574 588 2656 impendere
609 2574 701 2637 fatum
724 2574 846 2656 aliquod
871 2582 901 2637 et
920 2590 1050 2656 poenam
1079 2567 1178 2635 iamdiu

268 2659 463 2741 improbitati,
487 2659 638 2740 nequitie,
667 2659 789 2736 sceleri,
821 2658 937 2722 libidini
959 2655 1115 2720 debitam⁴
1136 2651 1177 2712 tul
1218 2719 1219 2730 ,

267 2744 381 2806 instare
405 2743 463 2804 iam
484 2744 575 2824 plane
598 2748 647 2806 aut
669 2742 777 2804 certc⁵
809 2742 1063 2825 appropinquare.
1106 2737 1176 2811 onos
1218 2735 1219 2816 l

267 2826 295 2891 si
312 2843 397 2889 meus
416 2827 600 2904 consulatus,
623 2827 764 2908 quoniam
781 2843 890 2888 sanare
907 2843 968 2889 non
983 2831 1093 2908 potest,
1115 2831 1175 2884 sut
1218 2817 1219 2866 t

268 2910 390 2989 tulerit,
422 2910 599 2972 nombreve
623 2911 728 2972 nescio
750 2908 831 2992 quod
852 2914 989 2992 tempus,
1019 2907 1074 2970 sed
1097 2902 1175 2968 mutu
1218 2939 1219 2990 p

234 3019 235 3023 ¹
264 2993 372 3080 secula
392 2994 568 3077 propagarit
581 2995 628 3056 rei
650 2994 787 3076 publicae.
830 2991 918 3056 Nulla
935 2999 981 3055 est
998 2993 1078 3055 enim
1095 2985 1175 3056 natio,
1218 3011 1219 3068 p

267 3095 357 3158 quam
379 3077 638 3158 pertimescamus,
661 3077 761 3140 nullus
782 3095 848 3154 rex,
870 3077 921 3157 qui
939 3075 1050 3139 bellum
1071 3065 1173 3158 populo
1218 3071 1219 3102 ³

265 3159 401 3224 Romano
433 3158 536 3222 facere
564 3162 662 3244 possit
670 3181 679 3238 ;
719 3161 819 3224 omnia
848 3167 917 3224 sunt
933 3166 1067 3222 externa
1097 3154 1173 3220 uuiti

265 3246 375 3308 virtute
403 3250 485 3305 terra
515 3245 651 3326 marique
681 3249 804 3326 pacata:
850 3243 1045 3306 domesticum
1074 3239 1173 3304 bellun

149 3331 153 3343 '
198 3379 202 3386 .
264 3337 383 3404 manet;
406 3329 487 3389 intus
508 3327 624 3390 insidiae
646 3333 724 3406 sunt,
747 3328 827 3391 intus
849 3326 998 3390 inclusum
1017 3323 1171 3408 periculum
1218 3327 1219 3408 t

264 3419 328 3492 est,
370 3413 451 3475 intus
481 3417 530 3473 est
556 3411 661 3474 hostis.
715 3408 790 3473 Cum
820 3411 938 3474 luxuria
968 3411 1078 3488 nobis,
1116 3417 1170 3468 cum
1218 3419 1219 3444 ¹

264 3497 405 3573 amentia,
434 3513 502 3558 cum
524 3495 837 3568 scelerosoertandum
859 3501 914 3558 cst.
957 3494 1033 3579 lluic
1055 3511 1113 3577 ego
1131 3500 1171 3548 nt
1218 3539 1219 3582 ,

195 3647 202 3658 ,
264 3579 347 3643 bello
372 3580 478 3642 ducem
500 3577 664 3662 profiteor,
695 3579 846 3656 Quirites3
893 3579 1029 3660 suscipio
1051 3570 1168 3642 miniti‘
1218 3583 1219 3654 j

139 3761 142 3772 ¹
226 3815 230 3823 ι
302 3772 529 3837 'obligurierunt
592 3773 704 3826 'codd
729 3797 762 3810 -
788 3775 867 3826 delle.
892 3792 954 3843 nup.
1022 3766 1166 3826 'conlecti
1218 3767 1219 3776 ’

207 3859 218 3870 ·
301 3840 315 3871 ⁴
335 3857 435 3906 poenas
453 3868 487 3880 -
505 3843 616 3913 debitas.
674 3844 685 3875 ⁵
706 3851 782 3895 certe
800 3845 858 3896 iam.
