2490 4316
272 229 325 280 Μ
616 221 849 279 ORATIO

215 412 345 464 ¹anasse
366 393 547 481 oportebat?
591 392 686 468 Quam
729 411 776 457 am
799 394 837 458 dc
860 399 958 458 morto
981 395 1101 460 Clodii¹
1132 397 1181 461 init

276 481 419 566 questio,
452 497 514 542 non
536 477 608 541 satis
630 497 687 560 pru
708 484 793 540 enter
818 477 870 540 iila
893 478 1015 559 quidem
1038 482 1181 544 constituta

277 566 363 650 (quid
387 564 466 626 enim
489 561 632 625 attinebat
652 579 731 626 nova
756 561 828 642 lege
858 562 952 642 quaeri
982 563 1021 626 de
1052 580 1107 643 eo,
1139 563 1181 645 qui

274 649 426 712 bominem
445 643 618 721 occidisset,
635 644 730 726 quum¹
742 651 825 707 essct
840 643 870 707 le
895 644 961 708 'bus
978 648 1102 729 quaestio
1116 664 1181 709 cor-

275 726 430 812 sumat),
461 728 615 810 quesitum
639 733 685 815 est
709 733 818 790 tamen.
893 728 954 792 uod
977 731 1082 814 igitur,
1106 747 1181 812 quum

274 833 326 879 res
349 813 511 898 agebatur,
543 827 632 873 nemo
654 811 686 872 in
706 829 756 874 me
779 810 871 890 dixit,
900 810 932 873 id
953 819 997 877 tot
1016 814 1105 877 annis
1125 817 1182 896 post

275 905 307 962 tu
330 915 364 961 es
385 895 524 958 inventus
543 893 595 974 qni
619 893 747 956 diceres.

184 1011 190 1020 ·
229 997 265 1048 aa
364 978 453 1054 Quod
466 994 540 1040 veru
554 977 657 1039 dicere
676 993 834 1055 amusos,
856 975 948 1058 idque
966 978 1182 1055 maturaveris,

276 1081 371 1146 opera
387 1080 455 1125 mea
474 1061 649 1142 Pompeium
670 1077 688 1122 a
706 1058 836 1122 Caesaris
858 1061 987 1124 amicitia
1006 1079 1078 1124 esse
1097 1062 1183 1124 diiun-

276 1153 375 1227 ctum,
409 1145 448 1209 ob
478 1161 604 1226 eamque
633 1159 754 1211 cansam
776 1143 864 1225 culpa
887 1162 955 1207 mea
976 1143 1067 1207 civile
1088 1145 1182 1208 beilum

276 1247 347 1294 csse
368 1235 478 1306 natum,
500 1228 531 1290 in
552 1243 590 1289 eo
613 1244 674 1289 non
695 1233 728 1290 tu
745 1228 865 1309 quidem
884 1232 946 1290 tota
962 1245 1008 1307 rc,
1032 1229 1099 1305 sed,
1117 1223 1182 1308 qnod

276 1315 438 1378 maximmn
461 1317 523 1390 est,
543 1309 730 1393 temporibus
755 1311 871 1372 errasti.
911 1311 996 1393 Ego,
1021 1311 1060 1373 Μ.
1082 1310 1183 1388 bibulo,

275 1395 523 1481 praestantissimo
541 1394 618 1472 cive,
641 1393 777 1471 consule,
800 1393 875 1455 nibil
890 1396 1080 1476 pretermisi,
1101 1411 1182 1476 quan·

275 1488 338 1546 tum
359 1477 463 1543 facere
484 1477 618 1558 enitique
638 1477 733 1559 potui,
755 1476 828 1558 quin
842 1476 1017 1558 Pompeium
1036 1497 1055 1541 a
1071 1475 1183 1540 Caesaris

276 1562 490 1629 coniunctione
512 1577 687 1637 avocarem3
720 1559 752 1621 in
776 1576 837 1641 quo
860 1557 961 1623 Caesar
983 1560 1103 1625 felicior
1123 1559 1183 1633 iuit3

276 1648 344 1729 ipse
374 1647 454 1712 enim
486 1642 661 1726 Pompeium
692 1661 711 1705 a
742 1660 809 1706 mea
835 1641 1036 1706 familiaritate
1065 1643 1183 1708 diiunxit

275 1730 386 1795 Postea
409 1745 484 1792 vero
509 1745 596 1809 quam
625 1743 660 1788 se
682 1730 775 1788 totum
796 1725 958 1807 Pompeius
990 1726 1104 1792 Caesari
1131 1733 1182 1788 tra-

278 1813 370 1890 didit,
412 1807 484 1894 quid
512 1827 572 1893 ego
598 1808 683 1873 illum
713 1808 750 1871 ab
779 1825 817 1871 co
848 1809 1014 1873 distrahere
1045 1806 1182 1874 conarer?

230 1913 266 1965 no
278 1895 364 1964 stubi
385 1901 605 1978 eratspatium,
626 1891 757 1955 suadere
780 1893 969 1973 impudentis.
1011 1893 1082 1958 Duo
1100 1899 1183 1956 tamen

276 1988 417 2062 tempora
432 1977 622 2054 inciderunt,
656 1974 764 2058 quibus
787 1975 901 2057 aliquid
925 1982 1030 2040 contra
1050 1976 1182 2040 Caesarem

276 2063 421 2145 Pompeio
440 2060 606 2136 suaserim3
639 2076 676 2121 ea
697 2059 787 2122 velim
808 2059 1026 2142 reprehendas,
1049 2063 1182 2143 siparum
1228 2093 1229 2127 2

276 2165 385 2223 unum,
406 2163 447 2208 ne
469 2141 666 2225 quinquennii
689 2142 848 2224 imperinm
873 2141 985 2207 Caesari
1007 2146 1183 2226 prorogaret,

278 2230 423 2306 alterum,
456 2245 496 2289 ne
519 2231 673 2308 pateretur
695 2225 788 2303 ferri,
821 2231 854 2289 ut
874 2227 1007 2290 absentis
1033 2229 1099 2292 eins
1120 2224 1183 2288 ratio

276 2313 447 2376 baberetur.
495 2309 630 2384 Quorum
663 2310 690 2372 si
721 2308 867 2372 utrumvis
893 2308 1182 2392 persuasissem,in
1227 2361 1228 2372 ,

276 2397 332 2460 bas
363 2394 501 2458 miserias
532 2410 694 2474 numquam
723 2391 944 2456 incidissemus.
990 2393 1092 2476 Atque
1117 2391 1182 2455 idem
1227 2385 1228 2431 t

277 2495 358 2564 ego,
382 2497 473 2560 quum
498 2476 558 2540 iam
580 2493 657 2556 opes
678 2492 783 2538 omnes
808 2481 839 2537 et
864 2494 936 2540 suas
957 2480 987 2538 et
1007 2477 1113 2559 popuii
1131 2475 1183 2536 iio-

276 2563 357 2626 mani
384 2561 545 2643 Pompeius
575 2559 612 2622 ad
643 2556 793 2624 Caesarem
823 2558 979 2628 detulisset
1007 2577 1135 2641 seroque
1154 2573 1182 2617 ca

277 2645 391 2710 sentire
413 2644 582 2726 coepisset,
614 2659 681 2725 quaa
704 2656 764 2725 ego
787 2642 881 2706 multo
903 2649 971 2705 ante
996 2644 1182 2728 provideram,
1226 2675 1227 2737 p

275 2728 443 2809 inferrique
466 2726 571 2809 patric
599 2726 712 2789 bellum
741 2724 889 2787 nefarium
918 2725 1070 2806 riderem,
1102 2724 1181 2808 pacis,

276 2810 457 2889 concordiae,
476 2809 703 2891 compositionis
719 2816 824 2873 auctor
835 2825 977 2872 essenon
990 2811 1099 2888 destiti,
1110 2825 1182 2870 mea-

215 2891 218 2898 *
276 2913 338 2978 quc
357 2896 410 2958 ilia
430 2911 491 2958 uox
512 2897 558 2956 est
578 2899 651 2992 nota
674 2892 793 2956 multis:
827 2891 959 2968 Utinam,
984 2892 1040 2957 Gar.
1057 2887 1181 2993 'Purapei

274 2975 748 3160 ttdnjttttttt'ttt
765 2974 1182 3158 {dxiiiibriiif‘iii‘

275 3141 738 3308 ffmussffemnssw'ueflff
758 3140 1182 3306 'Jafffriofcffffl'fffl

276 3328 344 3392 quoe
363 3310 392 3374 si
412 3309 595 3388 valuissent,
622 3325 673 3372 res
695 3308 817 3390 publica
838 3313 948 3389 staret,
972 3316 1005 3374 tu
1027 3310 1084 3373 tuis
1104 3304 1182 3388 dagi-

274 3395 336 3474 tiis,
358 3409 375 3456 e
399 3399 503 3471 estate,
525 3391 649 3455 infamia
667 3391 864 3454 concidisses.
1223 3447 1224 3472 ,

166 3473 266 3550 112⁵
366 3411 428 3540 {ed
451 3476 517 3539 baec
536 3482 657 3551 uetera3
696 3474 772 3538 iilud
792 3491 866 3537 vcro
887 3490 1015 3553 recens,
1047 3469 1180 3535 Cesaram

277 3575 345 3621 meo
366 3559 495 3622 consilio
516 3557 715 3622 interiectum.
765 3557 826 3620 iam
845 3574 974 3636 vereor,
998 3562 1095 3639 patres
1115 3568 1179 3615 con·

276 3642 398 3724 scripti,
428 3660 486 3720 ne,
517 3641 599 3727 quod
618 3641 822 3726 turpissimum
844 3647 908 3722 est,
935 3641 1179 3724 prevaricatorem

278 3761 508 3776 ffl-

312 3821 323 3854 ¹
345 3821 373 3874 1³.
391 3819 487 3876 clodii.
