2546 4310
189 191 285 282 PEO
305 191 403 266 SEX.
423 191 603 278 nosulo
627 194 858 252 ansaldo
964 197 997 248 1³

70 365 187 443 causis,
217 366 266 428 sie
285 366 346 430 hoe
366 368 532 432 verisimile
550 383 613 434 uon
633 372 699 446 est,
728 367 800 434 odio
820 364 917 430 luisse
938 381 997 447 pa-

69 451 147 514 renti
175 447 273 511 lilium
294 452 362 514 sine
391 453 492 515 causis
515 451 617 526 multis
639 457 669 514 et
690 449 864 534 magniset
884 465 997 512 neces-

69 533 165 598 sariis.
222 532 341 604 Rursus
372 535 464 616 igitur
494 536 603 598 eodem
632 541 820 614 revertamur,
850 539 880 596 et
909 549 996 614 qnae-
1007 541 1041 592 41

68 635 176 694 ramus,
208 635 278 698 quae
301 623 382 680 tanta
402 620 475 683 vitia
496 617 609 682 luerint
631 619 665 690 in¹
685 618 776 680 unico
796 616 870 696 lilio,
900 635 1018 698 quare¹
1044 682 1050 699 ,

68 701 94 762 is
118 701 203 783 patri
232 701 435 782 displiceret.¹
472 702 512 764 At
543 702 737 786 perspicuum
770 706 834 779 est,
880 700 997 763 nullum
1142 699 1146 709 “

69 783 170 847 luisse.
218 784 311 848 Pater
331 786 424 868 igitur
449 779 573 864 amens,
611 785 663 866 qui
696 784 811 866 odisset
839 801 909 846 eum
930 784 997 846 sinc

70 885 165 946 eausa,
190 885 285 948 quem
303 875 488 950 procrearat.
535 869 576 931 At
599 868 627 931 is
646 867 767 950 quidem
787 866 845 930 fuit
864 867 998 930 omnium

71 953 339 1016 constantissimus.
386 953 469 1035 Ergo
500 953 574 1017 illud
605 953 665 1014 iam
694 951 889 1034 perspicuum
918 966 998 1032 pro-

44 1033 144 1097 ·fccto
176 1043 243 1114 est,
286 1036 315 1098 si
346 1053 447 1118 neque
479 1055 582 1101 amens
612 1042 699 1117 pater
729 1052 830 1116 neque
859 1033 997 1116 perditus

69 1117 141 1181 lilius
164 1117 281 1197 luerit,
317 1137 417 1202 neque
442 1120 503 1183 odii
526 1137 651 1189 causam
668 1119 748 1202 patri
771 1133 871 1200 neque
892 1117 997 1180 scele-

69 1201 108 1263 ris
130 1201 192 1264 lilio
219 1200 329 1266 luisse.
374 1203 499 1281 Nescio,
521 1205 628 1287 inquit,
650 1200 904 1285 quaeoausaodii
924 1200 1109 1274 fue-4215

69 1285 120 1360 rit3
150 1284 250 1350 fuisse
275 1287 377 1349 odium
397 1287 549 1370 intelligo,
578 1287 649 1372 quia
672 1295 771 1364 antea,
804 1303 896 1368 quum
919 1285 996 1349 duos

70 1365 142 1431 lilios
163 1369 303 1448 haberet,
335 1370 419 1433 illum
441 1371 590 1451 altemm,
615 1371 668 1452 qui
690 1378 827 1433 mortuus
852 1377 908 1447 est,
939 1387 995 1432 se·
1076 1421 1079 1432 .

70 1455 235 1517 cumomni
256 1461 397 1535 tempore
428 1455 550 1518 volebat
581 1472 668 1533 esse,
708 1453 789 1518 huno
816 1453 849 1515 in
880 1452 995 1534 praedia
1112 1525 1116 1532 ,

70 1535 174 1598 rustica
206 1538 373 1628 relegarat.
421 1536 510 1610 Quod
539 1538 650 1601 Erucio
679 1537 834 1600 accidebat
862 1535 895 1598 in
915 1537 995 1600 mala

69 1621 288 1703 nugatoriaque
316 1623 528 1700 accusatione,
562 1623 642 1685 idam
668 1621 743 1682 milri
771 1637 830 1682 usn
858 1620 995 1682 venitin

71 1717 154 1765 eausa
175 1706 301 1787 optima.
349 1703 414 1782 llle,
439 1705 591 1786 quomodo
614 1704 729 1782 cumen
752 1702 994 1766 commenticium

71 1784 265 1867 confirmaret,
290 1805 352 1861 non
376 1789 568 1866 inveniebat3
592 1805 663 1872 ego,
686 1793 738 1851 res
754 1793 814 1851 tam
830 1787 915 1849 leves
933 1804 993 1868 qua

71 1867 179 1934 ratione
201 1871 353 1934 infirmem
376 1891 413 1934 ac
436 1871 566 1950 diluam,
599 1872 737 1954 reperire
764 1887 828 1933 non
857 1886 992 1953 possum.
1152 1943 1156 1948 ¹

72 1947 142 2022 Quid
163 1955 220 2033 ais,
244 1955 363 2020 Eruci?
398 1955 455 2019 Tot
473 1957 596 2038 praedia,
620 1962 680 2018 tum
697 1955 814 2037 pulcra,
841 1959 902 2017 tam
921 1953 1039 2018 ἕνη-43
1155 1991 1157 2004 .

72 2039 167 2100 ctuosa
188 2037 260 2105 Sex.
284 2039 414 2104 Roscius
437 2039 500 2101 lilio
523 2056 579 2103 suo
600 2039 799 2122 relegationis
816 2057 853 2101 ac
870 2037 991 2121 suppli-
1024 2083 1031 2092 ,
1075 2085 1077 2094 ,
1118 2083 1124 2098 ,

73 2116 107 2178 cii
126 2123 220 2202 gratia
241 2123 372 2186 colenda
393 2141 429 2186 ac
451 2123 564 2187 tuenda
584 2123 772 2186 tradiderat?
804 2121 883 2195 Quid
903 2101 991 2195 hoc?

73 2196 308 2283 PutreslamiliaS,
343 2211 395 2289 qui
416 2206 531 2270 liberos
554 2207 675 2285 hahent,
698 2207 866 2289 pracsertim
888 2206 991 2268 homi-

73 2297 121 2346 nes
141 2287 219 2352 illius
245 2290 381 2370 ordinis,
414 2310 454 2353 ex
477 2291 649 2373 municipiis
673 2291 853 2370 rusticanis,
886 2307 991 2353 nonne

73 2371 283 2463 notatissimum
300 2375 359 2438 sibi
380 2381 485 2457 putant
506 2393 586 2454 esse,
609 2373 689 2438 lilios
711 2391 786 2448 suos
806 2375 854 2436 rei
873 2372 989 2438 lumili-

75 2465 114 2511 ὃτι
135 2458 262 2522 maxime
291 2459 409 2522 servire
441 2464 471 2521 et
498 2459 532 2521 in
560 2459 682 2541 praediis
716 2457 856 2521 colendis
886 2473 989 2539 opera

75 2531 222 2624 llfflt'mum
245 2542 398 2625 studiique
421 2542 628 2606 consumere?
646 2541 699 2616 An
720 2542 894 2604 amandarat
908 2541 1037 2604 hune44

76 2629 130 2710 ⁸19,
165 2629 197 2685 ut
227 2632 312 2690 esset
340 2627 372 2690 in
402 2643 478 2710 agro
510 2645 547 2690 ac
574 2624 777 2689 tantummodo
800 2624 931 2688 aleretur
952 2626 991 2688 ad

77 2699 190 2767 ullam?
228 2716 263 2773 ut
285 2711 451 2775 commodis
476 2710 615 2773 omnibus
646 2708 790 2772 careret?
834 2707 930 2786 Quid,
959 2708 991 2772 si

77 2793 188 2866 constat,
217 2792 300 2856 hono
321 2812 383 2859 non
407 2792 498 2856 modo
520 2792 656 2857 colendis
678 2791 800 2875 praediis
819 2790 989 2876 praefuisse,
1023 2791 1026 2796 ’
1084 2853 1092 2865 ,

78 2865 124 2928 sed
143 2874 229 2939 certis
249 2876 363 2956 lundis,
383 2884 472 2960 -patre
494 2879 577 2958 vivo,
600 2876 666 2944 frui
684 2876 806 2940 solitum
820 2876 914 2940 esse?
938 2883 1006 2962 ta·-

78 2961 172 3016 tncme
201 2959 265 3023 haec
294 2967 404 3024 attenta
426 2963 487 3024 vita
517 2967 548 3024 et
574 2961 726 3023 rusticana
758 2960 909 3044 relegatio
937 2968 987 3024 at-

80 3044 128 3108 que
148 3045 317 3120 amandatio
336 3043 558 3128 appellabitur?
604 3043 714 3121 Vides,
742 3043 852 3123 Eruci,
888 3062 988 3125 quan-

80 3113 130 3178 llm
144 3119 227 3188 distet
248 3129 467 3213 argumentatio
489 3135 540 3193 tua
562 3127 599 3191 ab
620 3144 656 3190 re
678 3127 746 3209 ipsa
765 3132 854 3210 atquc
871 3129 988 3191 averi-

80 3197 137 3261 trta.
181 3207 268 3282 Quod
296 3213 516 3276 consuetudine
544 3217 661 3295 patres.
675 3210 806 3289 iaciunt,
838 3210 881 3274 id¹
899 3212 986 3291 quasi

81 3290 175 3350 ¹¹⁰Vt1m
196 3295 414 3379 reprehendis3
447 3296 530 3378 quod
544 3295 763 3359 benevolentia
782 3293 833 3372 lit,
858 3293 890 3358 id
914 3294 986 3357 odio
1033 3349 1034 3353 ,
1149 3307 1152 3313 ·

81 3355 174 3434 lacum
195 3379 362 3445 criminaris
369 3401 379 3457 3
424 3379 506 3463 quod
529 3379 656 3443 honoris
677 3396 770 3442 causa
791 3385 879 3459 pater
900 3376 986 3440 lilio¹

84 3455 233 3541 concessit,
278 3465 311 3527 id
345 3482 414 3527 eum
450 3463 592 3546 supplicii
623 3480 715 3526 causa
745 3460 859 3528 fecisse
899 3460 985 3524 diois.

83 3517 171 3613 Neque
191 3541 254 3610 hac
274 3554 306 3612 tu
329 3565 393 3612 non
413 3547 570 3630 intelligis,
601 3547 656 3612 sed
676 3561 774 3629 tuque
796 3561 848 3626 eo,
879 3543 1031 3627 quodem

85 3647 290 3692 N

113 3722 126 3842 Ξ
126 3729 185 3848 45150
202 3758 257 3798 suo.
292 3745 359 3799 Edd.
377 3756 436 3801 oete.
459 3764 507 3800 suo
535 3747 597 3804 iilic.
652 3719 672 3800 ,ἕ
694 3763 709 3796 c
735 3742 789 3796 cod.
816 3761 867 3797 unu
892 3755 917 3798 ct
943 3745 982 3798 cd.

144 3795 183 3854 72·
201 3837 230 3849 -
250 3811 322 3884 quid.
