2494 4314
225 157 310 257 'roo
604 195 838 279 oberro

260 375 369 522 fierent
386 369 570 452 reprimere,
591 368 619 432 si
637 375 764 452 possent
778 371 812 450 ¹,
845 385 936 451 quum
957 373 1069 442 tanturn
1085 367 1171 432 bane-

284 457 364 520 cium
391 454 421 519 ei
450 471 486 517 se
514 452 626 518 debere
654 453 889 530 arbitrarentur,
924 458 973 530 et,
1007 453 1034 522 si
1063 452 1173 528 vellent,

261 539 395 605 fortasse
415 538 467 600 vix
486 541 614 619 possent
633 534 779 620 frangere
803 535 934 600 hominis
962 535 1174 600 sceleratissimi

218 622 492 696 esconoboratam
523 620 582 682 iam
613 626 761 683 vetustate
794 621 958 686 audaciam.
1021 619 1071 682 An
1100 637 1175 696 uero,

265 707 469 780 iudicasses
492 703 550 766 soli
574 704 731 786 ignoratis,
755 721 811 768 vos
835 703 970 785 hospites
994 702 1025 766 in
1042 702 1176 768 bacurbe

265 787 455 862 versamini?
498 792 606 850 vestrae
637 787 870 869 peregrinantur
901 804 991 850 aures
1025 804 1124 867 neque
1152 786 1176 846 in

265 873 326 938 boc
343 889 436 955 perra
460 876 508 934 ato
532 871 660 936 civitatis
683 888 825 946 sermone
846 876 1015 947 versantur,
1039 869 1177 951 quasilla

266 957 355 1038 loges
379 954 419 1036 (si
437 889 528 1036 §eges
547 954 736 1018 nominandae
757 961 838 1033 sunt,
862 973 897 1019 ac
912 971 975 1016 non
995 952 1081 1028 laces
1097 953 1178 1026 prbis,

267 1044 370 1122 pestes
391 1039 438 1101 rei
463 1037 605 1118 publica)
639 1036 732 1103 fuerit
759 1039 954 1120 impositurus
976 1037 1068 1100 nobis
1092 1036 1178 1098 oroni-

268 1125 326 1190 bus
345 1130 435 1205 atque
452 1119 632 1187 inusturus?
678 1121 805 1200 Exhibe,
837 1137 950 1204 quaeso,
976 1117 1070 1184 Sexte
1094 1118 1178 1192 Clodi,

268 1204 381 1276 exhibo
403 1205 559 1272 librarium
590 1204 665 1270 illud
695 1205 797 1288 legum
828 1212 1011 1280 uestrarum,
1054 1203 1179 1285 quodie

270 1291 355 1357 aiunt
375 1289 526 1372 eripuisse
546 1306 564 1350 e
583 1287 673 1357 domo
697 1295 728 1356 et
750 1307 790 1350 ex
810 1288 917 1357 mediis
937 1290 1029 1356 armis
1045 1287 1179 1366 turbaque

270 1377 419 1442 nocturna
438 1378 587 1454 tamquam
610 1371 774 1446 Palladium
796 1371 986 1449 extulissa2,
1011 1378 1045 1436 ut
1064 1369 1179 1454 precia·
1229 1365 1230 1376 ’

270 1473 339 1524 rum
360 1453 506 1523 'uidelicet
529 1472 637 1519 munus
666 1462 754 1536 atque
775 1455 1003 1521 instrumentum
1026 1455 1180 1518 tribunatus
1230 1482 1231 1546 p

272 1538 311 1604 ad
330 1537 479 1622 aliquem,
501 1539 528 1602 si
546 1543 651 1602 nactus
673 1557 775 1620 esses,
798 1540 849 1620 qui
869 1545 920 1608 tuo
946 1540 1074 1605 arbitrio
1098 1537 1182 1599 tribu·
1230 1551 1231 1626 q

271 1628 374 1692 pamm
396 1629 538 1704 gereret,
572 1621 693 1685 deferre
723 1639 840 1706 posses.
886 1622 987 1704 Atque
1010 1618 1181 1703 peribit

271 1706 322 1771 Ao
342 1706 432 1772 buius
453 1707 505 1769 ille
526 1706 615 1788 legis,
637 1724 727 1787 quam
751 1705 820 1772 Sex.
840 1704 965 1770 Clodius
988 1725 1005 1770 a
1026 1724 1063 1770 se
1087 1706 1183 1776 invan-

272 1797 332 1857 tam
354 1789 520 1872 gloriatur,
554 1790 737 1852 mentionem
758 1789 862 1857 faeere
880 1806 971 1860 ausus
997 1795 1097 1866 esset,
1126 1787 1182 1848 vivo

272 1872 405 1954 Milone,
437 1889 477 1934 ne
499 1872 594 1936 dicam
618 1873 768 1936 consule?
809 1873 856 1935 Da
877 1880 1013 1950 nostrum
1036 1867 1182 1960 omniun}

276 1989 313 2002 -
335 1972 398 2020 non
418 1955 515 2028 audeo
535 1960 628 2028 lotum
648 1954 761 2021 dicere
808 1956 933 2035 Videte,
966 1957 1040 2038 quid
1069 1973 1106 2017 ea
1132 1951 1184 2014 viti

273 2039 326 2104 lex
354 2037 491 2108 habitura
512 2036 625 2115 fuerit,
668 2040 753 2102 ouius
782 2039 954 2122 periculosa
977 2041 1067 2108 etiam
1088 2053 1185 2118 repre-

273 2121 382 2192 hensio
405 2128 460 2184 est.
503 2121 539 2182 Et
563 2121 700 2203 adspexit
721 2141 769 2187 ma
786 2124 846 2191 illis
861 2123 981 2204 quidem
997 2123 1107 2199 oculis,
1127 2118 1186 2200 qui·
1232 2151 1233 2184 i

274 2205 332 2274 bns
353 2211 416 2267 tum
439 2203 577 2283 solebat,
611 2223 702 2288 quum
732 2207 870 2273 omnibus
901 2208 1001 2274 omnia
1021 2205 1185 2272 minabatur.

275 2287 378 2350 Mouet
397 2305 446 2348 me
468 2288 581 2369 quippe
600 2289 702 2351 lamen
724 2291 826 2352 curiae.
869 2289 973 2364 Quid?
997 2297 1029 2358 tu
1049 2308 1099 2355 me
1116 2283 1184 2349 tibi⁶

275 2371 401 2450 iratum
422 2369 532 2450 Sexte,
556 2379 662 2454 putas,
684 2373 770 2436 onius
795 2379 828 2435 tu
846 2374 1086 2444 inimicissimum
1106 2369 1186 2435 multo

275 2455 428 2523 crudelius
453 2457 541 2520 etiam
562 2458 704 2538 poenitus
726 2474 779 2532 es,
812 2473 899 2538 quam
921 2465 988 2526 erat
1009 2452 1186 2523 humanitatis

275 2557 352 2604 mee
386 2540 565 2620 postulare?
611 2540 656 2605 Tu
690 2538 722 2602 P.
756 2538 854 2606 Clodii
883 2549 1038 2608 cruentum
1071 2539 1187 2606 cadaver

277 2623 395 2686 eiecisti
413 2622 512 2700 domo,
537 2629 569 2689 tu
590 2624 622 2686 in
642 2622 796 2704 publicum
817 2623 963 2702 abiecisti,
987 2632 1021 2692 tu
1039 2625 1186 2705 spoliatum

188 2785 191 2796 .
277 2706 470 2802 imaginibus,
492 2707 657 2789 exsequiis,
679 2724 801 2789 pompa,
833 2708 1017 2784 laudatione,
1048 2705 1187 2774 infelicis-

278 2790 363 2854 simis
384 2789 476 2870 ligms
499 2791 734 2869 semustilalum,
764 2792 920 2860 nocturnis
942 2793 1067 2856 canibus
1089 2786 1186 2855 dilani-

179 2904 184 2920 ι
279 2872 389 2940 andum
410 2872 566 2953 reliquisti.
609 2873 709 2947 Quare
732 2874 790 2940 etsi
813 2874 930 2944 nefario
951 2875 1062 2954 fecisti,
1090 2881 1187 2942 tamen,

280 2957 423 3043 quoniam
444 2957 476 3025 in
498 2973 566 3026 meo
596 2957 719 3036 inimico
751 2957 957 3022 crudelitatem
986 2949 1187 3042 exprompsisti

279 3045 380 3116 tuam,
402 3039 527 3104 laudere
548 3056 610 3106 non
630 3058 772 3124 possum,
793 3042 883 3106 irasci
905 3049 987 3107 certe
1008 3061 1069 3108 non
1093 3039 1187 3104 debeo·

235 3131 271 3182 eu
372 3122 618 3200 [Romanensem
649 3124 786 3197 iudices,
821 3132 964 3204 quonlam
987 3125 1087 3188 Clodii
1105 3119 1187 3190 inter]

281 3202 374 3271 fuerit
397 3203 495 3269 occidi
517 3201 669 3273 Milonem.
716 3206 890 3278 Convertite
911 3210 1027 3272 animos
1046 3225 1125 3271 nunc
1147 3203 1188 3266 ri·

280 3288 384 3358 cissim
406 3287 443 3351 ad
463 3288 614 3354 Milonem.
672 3289 750 3364 Ouid
778 3291 899 3358 Milonis
930 3293 1075 3356 intererat
1102 3292 1188 3352 inter·

281 3370 332 3436 fici
354 3370 516 3440 Clodium?
551 3371 630 3448 Quid
651 3380 727 3453 erat,
758 3393 812 3443 cur
832 3373 916 3455 Milo,
943 3391 1006 3443 non
1028 3375 1122 3441 dicam
1141 3367 1187 3433 ad-

319 3597 331 3629 ¹
352 3597 418 3650 coni.
431 3623 460 3633 -
475 3613 534 3663 nec,
548 3598 570 3650 ei
579 3607 698 3666 possent,
718 3599 862 3666 reprimere
873 3605 1000 3666 eriperent
1011 3593 1107 3661 (irenae
1117 3581 1186 3646 cmi-l

318 3667 333 3698 ²
352 3667 495 3720 sustulisse·
525 3667 546 3700 -⁸
564 3669 628 3722 Haeo
645 3669 741 3723 tamma
759 3669 932 3737 roppkrnento
943 3686 994 3722 sorr
1006 3675 1079 3718 recto
1090 3659 1185 3728 expleto·

318 3734 437 3788 *solsol
461 3735 592 3802 Ambrae,
627 3739 700 3791 codd.
725 3747 775 3806 opt.
803 3739 891 3802 Quint.
918 3765 952 3778 --
981 3739 1051 3792 euim
1078 3732 1186 3788 omniun·

319 3802 448 3873 'trecop
467 3806 513 3859 tibi
531 3818 587 3874 port
604 3817 688 3876 putus.
