2468 4318
591 161 910 254 odnrro'm.

285 387 411 453 parrum
433 372 523 450 atque
544 366 714 448 lactentem,
738 367 883 431 uberibus
905 367 1015 450 lupinis
1038 367 1189 448 inhiantem,

206 461 208 470 “
285 453 381 519 luisse
402 452 589 515 meministis.
644 452 711 526 Quo
734 452 855 533 quidem
879 459 1015 534 tempore
1032 459 1126 533 ‘quum
1146 451 1189 514 lra-
1220 481 1221 510 t

184 535 186 546 '
283 538 422 621 ruspiees
444 554 484 598 ex
506 540 568 597 tota
589 533 707 598 Etnrria
728 537 959 610 conuenissent,
994 536 1092 599 caedes
1119 541 1189 616 atquc
1220 553 1221 600 t

282 620 425 684 incendia
462 624 491 680 et
523 618 625 701 legum
662 619 815 680 interitum
848 625 880 680 et
906 609 1023 681 bellum
1056 621 1140 683 civile
1164 637 1190 680 ac
1220 619 1221 696 l

280 704 479 767 domesticum
510 707 540 763 et
564 701 658 764 totius
687 701 771 764 urbis
798 708 887 783 atquc
918 704 1037 784 imperii
1069 721 1188 766 occasun
1220 743 1221 794 q

282 785 526 869 appropinquare
550 784 708 863 dixerunt,
740 785 799 848 nisi
824 785 866 847 dii
889 785 1092 865 immortales,
1124 786 1188 848 omni
1220 795 1221 800 ’

280 872 400 933 ratione
429 868 557 950 placati,
590 885 646 932 suo
669 869 791 930 numine
812 887 910 951 prope
933 869 994 932 lata
1015 871 1082 952 ipsa
1101 869 1189 931 llexis-
1220 911 1221 928 a

233 959 358 1016 sosent.
419 952 521 1033 ltaque
553 952 674 1014 illorum
708 953 866 1034 responsis
896 959 966 1015 tunc
998 960 1030 1015 et
1044 953 1119 1030 ,ludi
1146 969 1188 1034 per
1220 947 1221 970 *

281 1037 412 1102 dccem¹
448 1035 514 1098 dies
537 1034 608 1097 iacti
629 1041 717 1113 sunt,
756 1053 857 1117 neque
881 1053 933 1098 res
964 1037 1046 1116 ulla,
1080 1054 1141 1118 que
1161 1034 1188 1097 ad
1220 1063 1221 1094 r

167 1151 171 1166 ·
279 1120 471 1203 placandos²
495 1119 570 1208 deos
587 1119 762 1201 perimeret,
784 1121 985 1200 praetermissa
1007 1125 1074 1197 est;
1096 1119 1188 1182 iidem·
1219 1117 1221 1210 J

279 1222 340 1287 que
361 1205 514 1266 iusserunt
536 1196 727 1265 simulacrum
751 1202 831 1265 lovis
855 1202 959 1265 lacere
988 1205 1087 1268 maius
1115 1203 1188 1266 etin
1220 1223 1221 1272 ς

279 1288 402 1350 excelso
425 1286 577 1349 collocare
601 1293 632 1347 et
657 1290 778 1364 contra,
811 1291 901 1368 atque
929 1293 998 1350 ante
1021 1286 1134 1364 fuerat,
1160 1283 1186 1346 ad
1220 1303 1221 1314 ¹

278 1372 427 1434 orientem
456 1377 654 1445 convertere;
701 1388 737 1431 ac
769 1387 804 1432 se
831 1387 969 1452 sperare·
987 1371 1143 1447 dixerunt,
1167 1369 1186 1430 si

278 1455 357 1518 illud
385 1455 523 1538 signum,
556 1452 638 1534 quod
668 1453 795 1530 videtis,
829 1454 905 1515 solis
930 1460 1027 1516 crtum
1054 1454 1186 1517 ellurum
1220 1487 1221 1490 =

276 1539 451 1619 curiamque
480 1537 688 1618 conspiceret,
728 1537 797 1599 iore
826 1543 860 1598 ut
887 1555 922 1598 ea
954 1537 1102 1615 consilia,
1136 1551 1186 1618 qua

275 1623 352 1685 olam
376 1627 478 1684 essent
495 1621 568 1683 inita
589 1626 692 1684 contra
714 1622 840 1684 salutem
859 1620 943 1684 urbis
962 1628 1053 1703 atque
1075 1619 1185 1702 imperii,
1220 1641 1221 1664 ε

275 1707 514 1780 illustrarentur,
547 1709 580 1768 ut
601 1722 618 1766 a
640 1701 749 1768 senatu
770 1704 947 1786 populoque
969 1704 1107 1767 llomauo
1126 1721 1184 1785 per-

273 1791 352 1872 spici
375 1793 509 1870 possent.
556 1785 657 1869 Atque
687 1787 762 1850 illud
793 1787 942 1870 signum?
973 1788 1013 1850 ita
1042 1789 1185 1851 collocan-

274 1873 343 1935 dum
367 1870 509 1934 consules
532 1871 574 1932 illi
598 1871 789 1945 locaverunt3
834 1870 889 1933 sod
911 1876 993 1934 tanta
1016 1871 1076 1934 luit
1098 1868 1184 1952 operis

272 1956 414 2033 tarditas,
452 1961 485 2017 ut
515 1973 615 2035 neque
637 1972 654 2016 a
673 1953 881 2037 superioribus
903 1954 1080 2017 consulibus
1100 1969 1183 2034 neque

183 2028 290 2105 9sra
322 2040 411 2102 nobis
446 2044 514 2100 anta
540 2037 725 2101 ‘hodiernum
762 2037 845 2100 diem
877 2038 1090 2103 collocaretur.
1140 2035 1183 2097 llio
1220 2097 1221 2100 ,

272 2124 340 2205 quis
361 2127 462 2210 potest
486 2140 566 2199 esse,
590 2121 731 2200 Quirites,
761 2128 822 2183 tam
841 2137 966 2184 aversus
988 2141 1005 2184 a
1028 2140 1115 2198 vero,
1136 2126 1181 2181 tan
1220 2101 1221 2162 l

52 2281 62 2296 .
269 2223 426 2288 preceps,
447 2210 507 2266 tam
529 2211 628 2267 mente
650 2211 773 2287 captus,
794 2206 846 2286 qui
867 2211 974 2286 neget,
997 2205 1064 2268 haec
1088 2203 1182 2278 omnia,

167 2315 169 2320 ·
269 2307 337 2372 quat
357 2289 505 2367 uidemus,
529 2284 742 2371 precipueque
764 2288 842 2351 hano
862 2289 968 2350 urbem
989 2289 1114 2351 deorum
1134 2288 1181 2347 im-

262 2373 438 2436 mortalium
464 2377 537 2435 nutu
558 2372 622 2434 ao4
649 2378 797 2454 potestate
820 2372 1046 2435 administrari?
1080 2369 1181 2435 Etenim

269 2475 360 2540 quum
382 2463 465 2520 esset
486 2457 527 2517 ita
549 2473 746 2538 responsum,
777 2456 894 2535 caedes,
925 2456 1066 2518 incendia
1087 2451 1180 2518 interi-

267 2547 390 2623 tumque
420 2541 465 2603 rei
494 2539 623 2620 publicae
653 2540 843 2620 comparari,
885 2545 915 2600 et
944 2557 981 2602 ea
1011 2558 1069 2622 per
1100 2539 1179 2610 cives,

12 2701 13 2708 ἵ
262 2643 334 2706 ‚quae
354 2631 416 2686 tum
438 2628 565 2706 propter
591 2623 826 2703 magnitudinem
859 2623 1008 2686 scelerum
1039 2618 1178 2686 nonnullis

12 2715 14 2724 ’
44 2773 51 2784 ,
160 2761 161 2765 ,
267 2707 456 2770 incredibilia
474 2705 665 2784 videbamur,
691 2725 726 2768 ea
748 2723 809 2768 non
831 2707 921 2769 modo
946 2707 1077 2790 cogitata
1098 2720 1177 2768 ane-

266 2791 351 2854 lariis
373 2790 516 2876 civibus,
550 2808 655 2853 verum
677 2791 765 2864 ctiam
789 2796 930 2872 suscepta
951 2807 1022 2862 esse
1042 2787 1177 2852 sensistis.

266 2875 343 2936 lllud
370 2891 445 2938 vero
475 2891 576 2936 nonne
605 2874 645 2936 ita
675 2891 810 2956 praesens
840 2881 906 2951 est,
947 2878 979 2936 ut
1007 2879 1080 2935 nutu
1109 2867 1176 2933 lovis

266 2957 377 3039 Optimi
398 2957 519 3020 Maximi
540 2957 649 3020 lactum
670 2975 739 3020 esse
760 2956 915 3034 videatur,
939 2963 987 3035 ut,
1018 2972 1107 3038 quurn
1126 2953 1176 3015 ho-

266 3041 372 3104 diemo
406 3041 455 3102 die
486 3051 573 3106 manc
591 3041 770 3123 per'lorum
794 3040 862 3102 meo
884 3041 968 3104 iussu
990 3045 1020 3103 et
1041 3033 1175 3102 coniurati

251 3132 297 3195 ¹et
326 3141 432 3186 eorum
464 3124 580 3187 indices
612 3127 643 3188 in
671 3125 765 3188 aedem
797 3123 975 3188 Concordiae
998 3124 1174 3192 ducerentur,

182 3282 185 3290 Ι
265 3226 304 3270 eo
325 3209 550 3289 ipsoslempore
572 3205 690 3292 signum
712 3208 922 3271 statueretur?
955 3223 1018 3289 'quo
1037 3207 1173 3286 collocato

263 3299 354 3374 atque
377 3293 491 3355 advos
513 3300 709 3374 senatumque
730 3309 897 3369 converso,
922 3291 1022 3354 omnia
1045 3296 1074 3351 et
1091 3303 1172 3353 sena-

262 3382 310 3438 tus
332 3382 362 3438 et
384 3393 451 3454 vos,
476 3393 542 3456 quae
563 3382 649 3438 erant
671 3382 775 3438 contra
794 3375 919 3439 salutem
941 3375 1073 3436 omnium
1093 3367 1171 3450 cogi-

216 3466 339 3536 salata,
386 3460 531 3522 illustrata
566 3466 596 3520 et
617 3459 772 3541 patefacta
806 3458 932 3522 vidistis.
996 3456 1062 3531 Quo
1094 3456 1169 3517 etiam

260 3544 375 3618 nlaiore
396 3549 467 3607 sunt
489 3543 539 3606 isti
562 3543 634 3606 odio
657 3543 869 3627 supplicioque
900 3541 1003 3625 digni,
1039 3540 1090 3624 qui
1117 3546 1167 3597 nou

261 3671 491 3688 Ἣ

129 3764 132 3772 ’
220 3753 234 3785 ἰ
297 3732 552 3802 ¹c0dd.÷decem
570 3765 625 3816 per.
646 3750 675 3784 '²
695 3751 860 3818 placandum.
899 3717 1164 3817 tecantandum·

294 3843 329 3854 -
347 3835 392 3870 ona.
411 3821 522 3886 signum.
560 3819 573 3850 ⁴
592 3821 664 3871 codd.
686 3847 723 3862 -
740 3829 827 3888 atque.
