2490 4316
270 189 807 272 arriarrrroasaconaa.
949 213 1003 276 are,

71 381 244 466 prehensus
265 382 420 446 dicebatur
441 402 512 448 esso
534 401 602 450 com
626 385 700 450 sica.
743 385 790 448 De
807 398 879 465 ‘quo
897 379 1001 451 Cesar

71 471 104 530 in
127 473 244 545 senatu,
266 475 370 548 aperte
391 470 423 531 in
444 469 653 548 teinveHens,
675 475 799 552 quesbus
822 473 877 532 est.
918 467 1000 534 Pro-v

68 551 217 613 ficiscitur
239 552 270 612 in
296 550 468 633 Hispaniam
491 551 610 630 Caesar,
645 553 750 634 paucis
779 551 835 618 tibi
865 550 903 618 ac
930 551 999 614 sol-³

69 633 201 697 vendam
233 640 357 716 propter
393 636 526 717 inopiam
559 642 639 700 tuam
670 635 843 718 prorogatis
881 633 1023 706 diebus.
1068 673 1096 700 ,a

67 717 115 779 Ne
137 723 198 778 tum
220 717 341 798 quidem
363 720 514 800 sequeris
554 719 627 782 Tam
647 718 745 784 bonus
770 717 920 802 gladiator
940 735 998 781 ru·
1089 783 1090 788 ,

68 801 139 863 dem
159 807 220 862 tam
240 801 353 863 cito?l
392 801 478 864 Hunc
501 803 511 866 i
535 803 595 866 itur
615 803 784 884 quisquam,
807 801 911 882 quiin
932 801 1006 880 suls¹

66 884 216 966 partibus,
239 884 270 946 id
292 891 348 960 est,
370 886 402 947 in
423 886 487 948 suis
509 822 871 964 1l’lirtuniacamtiericus
894 883 997 964 fuerit,

67 968 290 1049 pertimescat?
320 967 477 1032 Profectus
500 975 546 1032 est
567 969 728 1051 aliquando
749 969 868 1034 tandem
889 968 921 1037 in
939 967 1043 1031 lli-,ts
1059 953 1109 1026 30

66 1052 225 1132 spaniam,
267 1051 328 1114 sed·
350 1057 431 1131 tuto,
466 1059 497 1118 ut
527 1054 585 1127 ait,
620 1053 782 1135 pervenire
807 1069 870 1116 non
890 1051 995 1132 potuit,

67 1134 208 1207 Quonam
229 1133 320 1197 modo
345 1135 437 1218 igitur
457 1134 616 1199 Dolabella
644 1134 824 1218 pervenite
849 1134 911 1197 Aut
933 1150 997 1204 non

64 1217 263 1298 suscipienda
283 1217 339 1280 fuit
352 1219 407 1281 ista
423 1235 525 1296 causa,
548 1220 671 1295 Antoni,
694 1225 755 1298 aut,
777 1233 867 1301 quum
885 1235 995 1282 susce-2

62 1303 185 1383 pissas,
221 1300 410 1364 defendenda
440 1321 536 1384 usque
565 1302 603 1365 ad
631 1308 807 1365 extremum.
854 1301 914 1364 Ter
936 1301 995 1364 de-

63 1384 214 1466 pugnavit
237 1383 338 1448 Caesar
361 1403 428 1448 cum
452 1386 586 1463 civibus,
618 1385 649 1448 in
670 1384 845 1462 Thessalia,
876 1383 995 1461 Africa,

61 1467 222 1548 Hispania.
269 1464 414 1532 Omnibus
438 1467 533 1531 adluit
552 1468 601 1530 his
622 1469 734 1550 pugnis
755 1466 934 1542 Dolabella;
962 1465 994 1529 in

61 1549 259 1632 Hispaniensi
275 1551 366 1614 etiam
386 1553 493 1615 vulnus
518 1550 642 1632 accepit.
678 1548 710 1612 Si
732 1549 772 1612 de
793 1549 994 1614 meoiudicio
1035 1614 1038 1626 ,

61 1635 197 1716 quaeris,
226 1633 340 1696 nollem
347 1655 357 1711 ;
401 1634 577 1697 sed‘tamen
599 1633 758 1696 consilium
781 1650 799 1694 a
820 1631 917 1713 primo
938 1648 994 1696 rc-

60 1715 331 1800 prehendendum,
369 1716 517 1780 laudanda
539 1717 714 1779 constantia.
763 1715 808 1778 T'u
826 1731 901 1778 vcro
920 1713 993 1795 quid

59 1799 127 1863 es?
163 1798 218 1862 Cn.
239 1799 375 1881 Pompeii
397 1800 485 1864 liberi
507 1800 635 1881 primum
654 1799 781 1882 patriam
804 1798 990 1880 repetebant.

58 1883 135 1948 Esto
146 1903 156 1959 3
199 1883 291 1946 luerit
309 1884 374 1946 baec
395 1885 524 1964 partium
545 1901 637 1948 eausa
661 1882 845 1948 communis..
887 1879 992 1962 Repe,

58 1967 166 2030 tebant
193 1973 342 2050 praeterea
363 1968 437 2030 deos
461 1973 586 2050 penates
608 1967 742 2049 patrios,
776 1983 865 2044 aras,
891 1963 992 2042 locos,
1096 1986 1100 1992 ’

59 2051 159 2114 larem
182 2069 269 2113 suurn
290 2050 487 2128 familiarem,
519 2051 551 2120 in
573 2069 639 2132 quae
663 2057 695 2114 tu
715 2050 880 2114 invaseras.
920 2045 992 2110 Haec

58 2151 155 2215 quum
176 2141 353 2215 repeterent
375 2135 516 2211 amisii,
536 2151 664 2217 quorum
685 2140 771 2199 erant
796 2131 928 2215 legibus,
948 2165 991 2176 —-

58 2218 121 2280 etsi
143 2218 176 2279 in
204 2217 297 2281 rebus
326 2219 523 2298 iniquissimis
552 2218 624 2298 quid
655 2213 756 2299 potest
783 2220 855 2281 esse
884 2213 990 2296 aequi‘l
1064 2233 1066 2236 ·

63 2333 100 2350 ··-
121 2307 222 2363 tamen
254 2319 344 2382 quem
374 2308 439 2364 arat
461 2301 665 2383 aequissimum
688 2307 793 2364 contra
818 2297 872 2362 Cn.
893 2298 990 2364 Pom-¹

58 2384 124 2466 peii
149 2384 263 2447 liberos
284 2384 447 2467 pugnare?
494 2383 609 2466 quem?
652 2382 705 2462 Te,
734 2390 894 2448 sectorem.
939 2379 1035 2444 Ante

59 2475 93 2530 tu
116 2467 261 2530 Narbone
278 2485 399 2530 mensas
422 2467 575 2550 hospitum
595 2483 807 2549 convomeres,
828 2462 988 2528 Dolabella

57 2569 117 2635 pro
142 2557 173 2612 te
193 2551 225 2614 in
246 2551 390 2632 Hispania
411 2549 593 2615 dimicaret?

153 2634 211 2708 Qui
241 2651 316 2698 vero
345 2633 488 2698 Narbone
519 2632 662 2706 reditus?
703 2629 797 2698 Etiam
827 2629 990 2714 querebat,

56 2733 118 2782 cur
151 2735 212 2800 ego
244 2725 292 2781 ex'
321 2717 391 2800 ipso
429 2735 521 2780 cursu
553 2724 613 2782 tam
647 2715 746 2780 subito
783 2717 1004 2780 revertissem.·

56 2800 195 2881 Exposui
224 2819 336 2884 nuper,
380 2808 481 2884 patres
506 2801 691 2884 conscripti,
733 2818 854 2864 oausam
874 2798 989 2863 reditus

57 2885 129 2945 mei.
176 2883 286 2963 Volui,
316 2885 343 2948 si
365 2903 506 2967 possem,
529 2886 618 2948 etiam
642 2889 710 2947 ante
730 2881 879 2948 Halendas
895 2880 989 2944 lanu-a

58 2967 141 3029 arias
173 2968 322 3048 prodesse
352 2969 401 3032 rei
432 2968 570 3052 publice.
618 2967 692 3030 Nam
719 2967 803 3047 quod
823 2964 990 3047 quaercbas,

57 3051 215 3131 quomodo
237 3053 397 3130 redissem,
422 3053 551 3134 primum
573 3050 652 3126 luce,
681 3066 743 3113 non
762 3050 908 3127 tenebris,
931 3047 990 3112 ce,

56 3134 130 3195 inde
155 3153 223 3196 cum
247 3136 358 3199 calceis
387 3142 419 3199 et
448 3143 538 3219 toga,
577 3134 669 3198 nullis
700 3151 758 3196 nec
778 3127 910 3196 'Gallicis
931 3148 990 3194 nec

57 3217 191 3280 lacerna.
238 3220 279 3282 At
301 3221 391 3284 etiam
414 3217 545 3301 adspicis
567 3235 634 3297 me,
667 3217 852 3298 etquidem,
884 3220 917 3276 ut
938 3215 989 3284 vi·
1025 3271 1028 3282 .

54 3300 152 3378 deris,
173 3302 277 3366 iratus.
313 3302 366 3366 Nae
388 3311 420 3367 tu
443 3305 503 3366 iam
524 3319 642 3366 mecum
655 3302 695 3364 'in
718 3301 845 3384 gratiam
868 3295 997 3374 redeas,

53 3385 81 3448 si
105 3385 204 3462 scias,
236 3404 324 3468 quam
353 3405 402 3450 me
430 3386 542 3468 pudeat
568 3385 711 3468 nequitiae
732 3391 808 3461 tuae,
846 3381 988 3445 cuiusce

52 3468 154 3547 ipsum
175 3486 237 3531 non
254 3469 356 3552 pudet.
397 3471 443 3533 Ex
464 3469 596 3533 omnium
612 3467 752 3533 omnibus
775 3465 898 3548 flagitiis
914 3463 987 3528 nul-

52 3552 116 3613 lum
131 3551 249 3633 turpius
269 3552 343 3630 vidi,
367 3553 482 3616 nullum
505 3551 615 3616 audivi.
659 3551 717 3625 Qui
735 3553 880 3632 magister
897 3546 988 3628 equi-

54 3641 120 3696 tum
143 3633 241 3700 luisse
266 3635 319 3700 tibi
341 3636 499 3716 viderere,
537 3638 568 3700 in
586 3637 757 3720 proximum
780 3649 889 3700 annum
910 3647 988 3694 con-

51 3753 283 3774 u—-hm

90 3817 98 3850 ¹
130 3817 185 3871 Vol.
208 3829 309 3874 -tam
331 3822 382 3874 cito
404 3821 550 3889 accepisti?
