<?xml version="1.0" encoding="UTF-8"?>
<!DOCTYPE html PUBLIC "-//W3C//DTD XHTML 1.0 Transitional//EN"
    "http://www.w3.org/TR/xhtml1/DTD/xhtml1-transitional.dtd">
<html xmlns="http://www.w3.org/1999/xhtml" xml:lang="en" lang="en">
 <head>
  <title>
</title>
<meta http-equiv="Content-Type" content="text/html;charset=utf-8" />
  <meta name='ocr-system' content='tesseract 3.04.00' />
  <meta name='ocr-capabilities' content='ocr_page ocr_carea ocr_par ocr_line ocrx_word'/>
</head>
<body>
  <div class='ocr_page' id='page_1' title='image "./orationesselect00madvgoog/orationesselect00madvgoog_0160.png"; bbox 0 0 2468 4318; ppageno 0'>
   <div class='ocr_carea' id='block_1_1' title="bbox 290 253 1010 317">
    <p class='ocr_par' dir='ltr' id='par_1_1' title="bbox 290 253 1010 317">
     <span class='ocr_line' id='line_1_1' title="bbox 290 253 1010 317; baseline 0.003 -7"><span class='ocrx_word' id='word_1_1' title='bbox 290 256 338 317; x_wconf 78' lang='grc' dir='ltr'><strong>ΙΝ</strong></span> <span class='ocrx_word' id='word_1_2' title='bbox 373 255 405 312; x_wconf 78' lang='lat' dir='ltr'><strong>li.</strong></span> <span class='ocrx_word' id='word_1_3' title='bbox 436 253 717 314; x_wconf 61' lang='lat' dir='ltr'><strong>‘currerunt</strong></span> <span class='ocrx_word' id='word_1_4' title='bbox 917 263 970 314; x_wconf 73' lang='lat' dir='ltr'><strong>lot</strong></span> <span class='ocrx_word' id='word_1_5' title='bbox 1007 289 1010 299; x_wconf 78' lang='lat'>=</span> 
     </span>
    </p>
   </div>
   <div class='ocr_carea' id='block_1_2' title="bbox 40 427 1097 3688">
    <p class='ocr_par' dir='ltr' id='par_1_2' title="bbox 40 427 1097 2098">
     <span class='ocr_line' id='line_1_2' title="bbox 41 427 970 512; baseline 0.002 -20"><span class='ocrx_word' id='word_1_6' title='bbox 41 427 195 504; x_wconf 87' lang='lat' dir='ltr'><strong>callidum,</strong></span> <span class='ocrx_word' id='word_1_7' title='bbox 218 433 277 490; x_wconf 85' lang='lat' dir='ltr'><strong>tam</strong></span> <span class='ocrx_word' id='word_1_8' title='bbox 298 427 329 493; x_wconf 91' lang='lat' dir='ltr'><strong>in</strong></span> <span class='ocrx_word' id='word_1_9' title='bbox 354 428 474 491; x_wconf 84' lang='lat' dir='ltr'><strong>scelere</strong></span> <span class='ocrx_word' id='word_1_10' title='bbox 492 427 686 510; x_wconf 80' lang='lat' dir='ltr'><strong>vigilantem,</strong></span> <span class='ocrx_word' id='word_1_11' title='bbox 707 432 767 491; x_wconf 78' lang='grc' dir='ltr'>ιιιιι</span> <span class='ocrx_word' id='word_1_12' title='bbox 788 428 821 492; x_wconf 92' lang='lat' dir='ltr'><strong>ln</strong></span> <span class='ocrx_word' id='word_1_13' title='bbox 842 429 970 512; x_wconf 81' lang='lat' dir='ltr'><strong>perditis</strong></span> 
     </span>
     <span class='ocr_line' id='line_1_3' title="bbox 40 511 970 594; baseline 0.003 -20"><span class='ocrx_word' id='word_1_14' title='bbox 40 515 127 575; x_wconf 87' lang='lat' dir='ltr'><strong>rebus</strong></span> <span class='ocrx_word' id='word_1_15' title='bbox 151 512 350 594; x_wconf 82' lang='lat' dir='ltr'>diligentem,</span> <span class='ocrx_word' id='word_1_16' title='bbox 383 513 443 575; x_wconf 89' lang='lat' dir='ltr'><strong>nisi</strong></span> <span class='ocrx_word' id='word_1_17' title='bbox 465 529 505 574; x_wconf 88' lang='lat' dir='ltr'><strong>ex</strong></span> <span class='ocrx_word' id='word_1_18' title='bbox 526 512 702 575; x_wconf 74' lang='lat' dir='ltr'><strong>domesticis</strong></span> <span class='ocrx_word' id='word_1_19' title='bbox 723 511 842 576; x_wconf 75' lang='lat' dir='ltr'><strong>insidiis</strong></span> <span class='ocrx_word' id='word_1_20' title='bbox 859 513 891 576; x_wconf 91' lang='lat' dir='ltr'><strong>in</strong></span> <span class='ocrx_word' id='word_1_21' title='bbox 913 533 970 577; x_wconf 82' lang='lat' dir='ltr'><strong>oa-</strong></span> 
     </span>
     <span class='ocr_line' id='line_1_4' title="bbox 41 595 969 678; baseline 0.001 -19"><span class='ocrx_word' id='word_1_22' title='bbox 41 603 155 659; x_wconf 89' lang='lat' dir='ltr'><strong>strense</strong></span> <span class='ocrx_word' id='word_1_23' title='bbox 177 597 369 658; x_wconf 80' lang='lat' dir='ltr'><strong>latrocinium</strong></span> <span class='ocrx_word' id='word_1_24' title='bbox 397 595 630 678; x_wconf 79' lang='lat' dir='ltr'><strong>compulissem,</strong></span> <span class='ocrx_word' id='word_1_25' title='bbox 665 596 775 677; x_wconf 85' lang='lat' dir='ltr'><strong>(dicum</strong></span> <span class='ocrx_word' id='word_1_26' title='bbox 802 595 855 674; x_wconf 90' lang='lat' dir='ltr'><strong>id,</strong></span> <span class='ocrx_word' id='word_1_27' title='bbox 888 595 969 678; x_wconf 86' lang='lat' dir='ltr'><strong>quod</strong></span> 
     </span>
     <span class='ocr_line' id='line_1_5' title="bbox 41 677 969 760; baseline 0.002 -18"><span class='ocrx_word' id='word_1_28' title='bbox 41 680 146 757; x_wconf 90' lang='lat' dir='ltr'><strong>sentio,</strong></span> <span class='ocrx_word' id='word_1_29' title='bbox 170 679 330 760; x_wconf 71' lang='lat' dir='ltr'><strong>Quirites)</strong></span> <span class='ocrx_word' id='word_1_30' title='bbox 354 697 416 744; x_wconf 93' lang='lat' dir='ltr'><strong>non</strong></span> <span class='ocrx_word' id='word_1_31' title='bbox 440 679 532 741; x_wconf 83' lang='lat' dir='ltr'><strong>facilc</strong></span> <span class='ocrx_word' id='word_1_32' title='bbox 551 677 631 741; x_wconf 79' lang='lat' dir='ltr'><strong>hauc</strong></span> <span class='ocrx_word' id='word_1_33' title='bbox 646 683 755 742; x_wconf 77' lang='lat' dir='ltr'><strong>unam</strong></span> <span class='ocrx_word' id='word_1_34' title='bbox 771 680 881 742; x_wconf 86' lang='lat' dir='ltr'><strong>molem</strong></span> <span class='ocrx_word' id='word_1_35' title='bbox 899 681 969 744; x_wconf 82' lang='lat' dir='ltr'><strong>unali</strong></span> 
     </span>
     <span class='ocr_line' id='line_1_6' title="bbox 42 762 971 845; baseline 0.004 -19"><span class='ocrx_word' id='word_1_36' title='bbox 42 781 58 826; x_wconf 87' lang='lat' dir='ltr'><strong>a</strong></span> <span class='ocrx_word' id='word_1_37' title='bbox 80 763 253 826; x_wconf 84' lang='lat' dir='ltr'><strong>cervicibus</strong></span> <span class='ocrx_word' id='word_1_38' title='bbox 274 764 384 826; x_wconf 85' lang='lat' dir='ltr'><strong>vestris</strong></span> <span class='ocrx_word' id='word_1_39' title='bbox 408 762 602 845; x_wconf 85' lang='lat' dir='ltr'><strong>depulissem.</strong></span> <span class='ocrx_word' id='word_1_40' title='bbox 644 762 712 826; x_wconf 87' lang='lat' dir='ltr'><strong>Non</strong></span> <span class='ocrx_word' id='word_1_41' title='bbox 734 763 787 826; x_wconf 82' lang='lat' dir='ltr'><strong>ills</strong></span> <span class='ocrx_word' id='word_1_42' title='bbox 805 763 894 827; x_wconf 81' lang='lat' dir='ltr'><strong>nobis</strong></span> <span class='ocrx_word' id='word_1_43' title='bbox 910 763 971 830; x_wconf 80' lang='lat' dir='ltr'><strong>Sn-</strong></span> 
     </span>
     <span class='ocr_line' id='line_1_7' title="bbox 42 847 971 928; baseline 0.002 -20"><span class='ocrx_word' id='word_1_44' title='bbox 42 847 165 910; x_wconf 80' lang='lat' dir='ltr'><strong>turnalis</strong></span> <span class='ocrx_word' id='word_1_45' title='bbox 190 847 409 924; x_wconf 78' lang='lat' dir='ltr'><strong>constituisset,</strong></span> <span class='ocrx_word' id='word_1_46' title='bbox 433 864 533 928; x_wconf 86' lang='lat' dir='ltr'><strong>neque</strong></span> <span class='ocrx_word' id='word_1_47' title='bbox 558 850 639 908; x_wconf 78' lang='lat' dir='ltr'><strong>tamo</strong></span> <span class='ocrx_word' id='word_1_48' title='bbox 662 847 839 910; x_wconf 86' lang='lat' dir='ltr'><strong>antsexitii</strong></span> <span class='ocrx_word' id='word_1_49' title='bbox 861 847 971 911; x_wconf 82' lang='lat' dir='ltr'><strong>scisti</strong></span> 
     </span>
     <span class='ocr_line' id='line_1_8' title="bbox 43 927 972 1012; baseline 0.003 -20"><span class='ocrx_word' id='word_1_50' title='bbox 43 931 117 992; x_wconf 88' lang='lat' dir='ltr'><strong>diem</strong></span> <span class='ocrx_word' id='word_1_51' title='bbox 135 931 183 992; x_wconf 89' lang='lat' dir='ltr'><strong>rei</strong></span> <span class='ocrx_word' id='word_1_52' title='bbox 208 929 342 1012; x_wconf 77' lang='lat' dir='ltr'><strong>publica</strong></span> <span class='ocrx_word' id='word_1_53' title='bbox 365 927 613 1006; x_wconf 83' lang='lat' dir='ltr'><strong>denuntiavisset,</strong></span> <span class='ocrx_word' id='word_1_54' title='bbox 637 947 737 1012; x_wconf 90' lang='lat' dir='ltr'><strong>neque</strong></span> <span class='ocrx_word' id='word_1_55' title='bbox 760 931 972 1008; x_wconf 77' lang='lat' dir='ltr'><strong>commisisset,</strong></span> 
     </span>
     <span class='ocr_line' id='line_1_9' title="bbox 43 1013 1045 1097; baseline 0.002 -21"><span class='ocrx_word' id='word_1_56' title='bbox 43 1021 72 1076; x_wconf 87' lang='lat' dir='ltr'><strong>ut</strong></span> <span class='ocrx_word' id='word_1_57' title='bbox 94 1015 236 1097; x_wconf 79' lang='lat' dir='ltr'><strong>signum,</strong></span> <span class='ocrx_word' id='word_1_58' title='bbox 260 1020 293 1075; x_wconf 93' lang='lat' dir='ltr'><strong>ut</strong></span> <span class='ocrx_word' id='word_1_59' title='bbox 313 1014 420 1076; x_wconf 81' lang='lat' dir='ltr'><strong>littere</strong></span> <span class='ocrx_word' id='word_1_60' title='bbox 441 1031 504 1076; x_wconf 79' lang='lat' dir='ltr'><strong>sue</strong></span> <span class='ocrx_word' id='word_1_61' title='bbox 526 1015 644 1076; x_wconf 85' lang='lat' dir='ltr'><strong>testes²</strong></span> <span class='ocrx_word' id='word_1_62' title='bbox 674 1013 824 1077; x_wconf 75' lang='lat' dir='ltr'><strong>manifesti</strong></span> <span class='ocrx_word' id='word_1_63' title='bbox 845 1015 972 1078; x_wconf 81' lang='lat' dir='ltr'><strong>sceleris</strong></span> <span class='ocrx_word' id='word_1_64' title='bbox 1044 1083 1045 1090; x_wconf 7' lang='grc' dir='ltr'>χ</span> 
     </span>
     <span class='ocr_line' id='line_1_10' title="bbox 43 1096 977 1179; baseline 0.004 -21"><span class='ocrx_word' id='word_1_65' title='bbox 43 1097 351 1179; x_wconf 67' lang='lat' dir='ltr'><strong>deprehenderentur.</strong></span> <span class='ocrx_word' id='word_1_66' title='bbox 412 1096 485 1171; x_wconf 77' lang='lat' dir='ltr'><strong>Qus</strong></span> <span class='ocrx_word' id='word_1_67' title='bbox 514 1114 613 1174; x_wconf 88' lang='lat' dir='ltr'><strong>nunc,</strong></span> <span class='ocrx_word' id='word_1_68' title='bbox 651 1097 706 1161; x_wconf 90' lang='lat' dir='ltr'><strong>illo</strong></span> <span class='ocrx_word' id='word_1_69' title='bbox 737 1098 883 1177; x_wconf 83' lang='lat' dir='ltr'><strong>absente,</strong></span> <span class='ocrx_word' id='word_1_70' title='bbox 925 1099 977 1162; x_wconf 85' lang='lat' dir='ltr'><strong>sie</strong></span> 
     </span>
     <span class='ocr_line' id='line_1_11' title="bbox 43 1180 972 1262; baseline 0.002 -20"><span class='ocrx_word' id='word_1_71' title='bbox 43 1187 124 1262; x_wconf 82' lang='lat' dir='ltr'><strong>gesta</strong></span> <span class='ocrx_word' id='word_1_72' title='bbox 143 1187 237 1256; x_wconf 89' lang='lat' dir='ltr'><strong>sunt,</strong></span> <span class='ocrx_word' id='word_1_73' title='bbox 274 1187 307 1243; x_wconf 90' lang='lat' dir='ltr'><strong>ut</strong></span> <span class='ocrx_word' id='word_1_74' title='bbox 327 1180 441 1244; x_wconf 90' lang='lat' dir='ltr'><strong>nullum</strong></span> <span class='ocrx_word' id='word_1_75' title='bbox 463 1182 496 1242; x_wconf 92' lang='lat' dir='ltr'><strong>in</strong></span> <span class='ocrx_word' id='word_1_76' title='bbox 517 1181 633 1262; x_wconf 77' lang='lat' dir='ltr'><strong>privata</strong></span> <span class='ocrx_word' id='word_1_77' title='bbox 655 1181 746 1244; x_wconf 88' lang='lat' dir='ltr'><strong>domo</strong></span> <span class='ocrx_word' id='word_1_78' title='bbox 770 1180 881 1244; x_wconf 77' lang='lat' dir='ltr'><strong>lurtum</strong></span> <span class='ocrx_word' id='word_1_79' title='bbox 901 1196 972 1244; x_wconf 82' lang='lat' dir='ltr'><strong>uut-</strong></span> 
     </span>
     <span class='ocr_line' id='line_1_12' title="bbox 44 1263 972 1346; baseline 0.002 -20"><span class='ocrx_word' id='word_1_80' title='bbox 44 1281 126 1344; x_wconf 85' lang='lat' dir='ltr'><strong>queni</strong></span> <span class='ocrx_word' id='word_1_81' title='bbox 148 1265 189 1326; x_wconf 91' lang='lat' dir='ltr'><strong>sit</strong></span> <span class='ocrx_word' id='word_1_82' title='bbox 211 1270 272 1326; x_wconf 86' lang='lat' dir='ltr'><strong>tarn</strong></span> <span class='ocrx_word' id='word_1_83' title='bbox 293 1265 392 1346; x_wconf 87' lang='lat' dir='ltr'><strong>palam</strong></span> <span class='ocrx_word' id='word_1_84' title='bbox 415 1266 586 1341; x_wconf 87' lang='lat' dir='ltr'><strong>inventum,</strong></span> <span class='ocrx_word' id='word_1_85' title='bbox 619 1281 708 1346; x_wconf 87' lang='lat' dir='ltr'><strong>quam</strong></span> <span class='ocrx_word' id='word_1_86' title='bbox 737 1263 803 1328; x_wconf 78' lang='lat' dir='ltr'><strong>liaeo</strong></span> <span class='ocrx_word' id='word_1_87' title='bbox 830 1271 912 1330; x_wconf 65' lang='lat' dir='ltr'><strong>mula</strong></span> <span class='ocrx_word' id='word_1_88' title='bbox 940 1264 972 1328; x_wconf 89' lang='lat' dir='ltr'><strong>in</strong></span> 
     </span>
     <span class='ocr_line' id='line_1_13' title="bbox 43 1347 1008 1429; baseline 0.002 -21"><span class='ocrx_word' id='word_1_89' title='bbox 43 1347 216 1429; x_wconf 80' lang='lat' dir='ltr'><strong>republica</strong></span> <span class='ocrx_word' id='word_1_90' title='bbox 242 1349 411 1410; x_wconf 85' lang='lat' dir='ltr'><strong>coniuratio</strong></span> <span class='ocrx_word' id='word_1_91' title='bbox 431 1347 592 1410; x_wconf 78' lang='lat' dir='ltr'><strong>manifesto</strong></span> <span class='ocrx_word' id='word_1_92' title='bbox 610 1349 731 1411; x_wconf 80' lang='lat' dir='ltr'><strong>inventu</strong></span> <span class='ocrx_word' id='word_1_93' title='bbox 752 1368 769 1411; x_wconf 89' lang='lat' dir='ltr'><strong>a</strong></span> <span class='ocrx_word' id='word_1_94' title='bbox 802 1367 842 1412; x_wconf 88' lang='lat' dir='ltr'><strong>ue</strong></span> <span class='ocrx_word' id='word_1_95' title='bbox 858 1349 896 1412; x_wconf 85' lang='lat' dir='ltr'><strong>de</strong></span> <span class='ocrx_word' id='word_1_96' title='bbox 917 1366 973 1412; x_wconf 88' lang='lat' dir='ltr'><strong>re-</strong></span> <span class='ocrx_word' id='word_1_97' title='bbox 1006 1393 1008 1397; x_wconf 87' lang='lat'><em>-</em></span> 
     </span>
     <span class='ocr_line' id='line_1_14' title="bbox 46 1368 974 1505; baseline 0.001 -13"><span class='ocrx_word' id='word_1_98' title='bbox 46 1429 134 1494; x_wconf 84' lang='lat' dir='ltr'><strong>hensa</strong></span> <span class='ocrx_word' id='word_1_99' title='bbox 155 1437 219 1494; x_wconf 82' lang='lat' dir='ltr'><strong>est&#39;</strong></span> <span class='ocrx_word' id='word_1_100' title='bbox 270 1431 360 1505; x_wconf 82' lang='lat' dir='ltr'><strong>Quod</strong></span> <span class='ocrx_word' id='word_1_101' title='bbox 382 1432 409 1494; x_wconf 89' lang='lat' dir='ltr'><strong>si</strong></span> <span class='ocrx_word' id='word_1_102' title='bbox 434 1431 561 1494; x_wconf 78' lang='lat' dir='ltr'><strong>Catilina</strong></span> <span class='ocrx_word' id='word_1_103' title='bbox 583 1432 614 1494; x_wconf 94' lang='lat' dir='ltr'><strong>in</strong></span> <span class='ocrx_word' id='word_1_104' title='bbox 635 1432 711 1494; x_wconf 86' lang='lat' dir='ltr'><strong>urbe</strong></span> <span class='ocrx_word' id='word_1_105' title='bbox 733 1431 769 1495; x_wconf 85' lang='lat' dir='ltr'><strong>ad</strong></span> <span class='ocrx_word' id='word_1_106' title='bbox 815 1450 872 1496; x_wconf 86' lang='lat' dir='ltr'><strong>sno</strong></span> <span class='ocrx_word' id='word_1_107' title='bbox 893 1368 974 1496; x_wconf 57' lang='lat' dir='ltr'><strong>giem</strong></span> 
     </span>
     <span class='ocr_line' id='line_1_15' title="bbox 47 1514 974 1597; baseline 0.004 -22"><span class='ocrx_word' id='word_1_108' title='bbox 47 1515 257 1593; x_wconf 79' lang='lat' dir='ltr'><strong>remansisset,</strong></span> <span class='ocrx_word' id='word_1_109' title='bbox 288 1533 484 1597; x_wconf 83' lang='lat' dir='ltr'><strong>quamquam,</strong></span> <span class='ocrx_word' id='word_1_110' title='bbox 518 1515 618 1595; x_wconf 74' lang='lat' dir='ltr'><strong>queam</strong></span> <span class='ocrx_word' id='word_1_111' title='bbox 637 1514 712 1591; x_wconf 86' lang='lat' dir='ltr'><strong>luit,</strong></span> <span class='ocrx_word' id='word_1_112' title='bbox 744 1515 883 1578; x_wconf 79' lang='lat' dir='ltr'><strong>omnibus</strong></span> <span class='ocrx_word' id='word_1_113' title='bbox 906 1516 974 1580; x_wconf 70' lang='lat' dir='ltr'><strong>eins</strong></span> 
     </span>
     <span class='ocr_line' id='line_1_16' title="bbox 46 1598 974 1680; baseline 0.004 -22"><span class='ocrx_word' id='word_1_114' title='bbox 46 1598 178 1662; x_wconf 84' lang='lat' dir='ltr'><strong>consiliis</strong></span> <span class='ocrx_word' id='word_1_115' title='bbox 201 1599 325 1660; x_wconf 86' lang='lat' dir='ltr'><strong>occurri</strong></span> <span class='ocrx_word' id='word_1_116' title='bbox 344 1605 436 1680; x_wconf 82' lang='lat' dir='ltr'><strong>atque</strong></span> <span class='ocrx_word' id='word_1_117' title='bbox 454 1598 575 1674; x_wconf 88' lang='lat' dir='ltr'><strong>obstiti,</strong></span> <span class='ocrx_word' id='word_1_118' title='bbox 608 1604 725 1675; x_wconf 83' lang='lat' dir='ltr'><strong>tamen,</strong></span> <span class='ocrx_word' id='word_1_119' title='bbox 757 1605 791 1660; x_wconf 95' lang='lat' dir='ltr'><strong>ut</strong></span> <span class='ocrx_word' id='word_1_120' title='bbox 819 1599 974 1662; x_wconf 76' lang='lat' dir='ltr'><strong>levissime</strong></span> 
     </span>
     <span class='ocr_line' id='line_1_17' title="bbox 46 1679 975 1763; baseline 0.003 -21"><span class='ocrx_word' id='word_1_121' title='bbox 46 1679 154 1759; x_wconf 89' lang='lat' dir='ltr'><strong>dicam,</strong></span> <span class='ocrx_word' id='word_1_122' title='bbox 192 1681 395 1745; x_wconf 84' lang='lat' dir='ltr'><strong>dimicandum</strong></span> <span class='ocrx_word' id='word_1_123' title='bbox 424 1681 513 1744; x_wconf 89' lang='lat' dir='ltr'><strong>nobis</strong></span> <span class='ocrx_word' id='word_1_124' title='bbox 541 1697 608 1743; x_wconf 90' lang='lat' dir='ltr'><strong>cnm</strong></span> <span class='ocrx_word' id='word_1_125' title='bbox 637 1681 692 1742; x_wconf 92' lang='lat' dir='ltr'><strong>illo</strong></span> <span class='ocrx_word' id='word_1_126' title='bbox 712 1679 840 1759; x_wconf 85' lang='lat' dir='ltr'><strong>luisset,</strong></span> <span class='ocrx_word' id='word_1_127' title='bbox 873 1695 975 1763; x_wconf 77' lang='lat' dir='ltr'><strong>nequo</strong></span> 
     </span>
     <span class='ocr_line' id='line_1_18' title="bbox 48 1763 975 1848; baseline 0.004 -24"><span class='ocrx_word' id='word_1_128' title='bbox 48 1781 98 1826; x_wconf 89' lang='lat' dir='ltr'><strong>nos</strong></span> <span class='ocrx_word' id='word_1_129' title='bbox 118 1781 274 1848; x_wconf 84' lang='lat' dir='ltr'><strong>uniquam,</strong></span> <span class='ocrx_word' id='word_1_130' title='bbox 298 1779 389 1848; x_wconf 85' lang='lat' dir='ltr'><strong>quum</strong></span> <span class='ocrx_word' id='word_1_131' title='bbox 409 1765 467 1827; x_wconf 68' lang='lat' dir='ltr'><strong>‘ille</strong></span> <span class='ocrx_word' id='word_1_132' title='bbox 488 1765 520 1826; x_wconf 94' lang='lat' dir='ltr'><strong>in</strong></span> <span class='ocrx_word' id='word_1_133' title='bbox 541 1765 617 1827; x_wconf 90' lang='lat' dir='ltr'><strong>urbe</strong></span> <span class='ocrx_word' id='word_1_134' title='bbox 641 1763 736 1826; x_wconf 84' lang='lat' dir='ltr'><strong>hostis</strong></span> <span class='ocrx_word' id='word_1_135' title='bbox 755 1768 878 1843; x_wconf 81' lang='lat' dir='ltr'><strong>esset¹‚</strong></span> <span class='ocrx_word' id='word_1_136' title='bbox 902 1771 975 1828; x_wconf 84' lang='lat' dir='ltr'><strong>tan-</strong></span> 
     </span>
     <span class='ocr_line' id='line_1_19' title="bbox 47 1847 974 1932; baseline 0.005 -25"><span class='ocrx_word' id='word_1_137' title='bbox 47 1849 83 1908; x_wconf 92' lang='lat' dir='ltr'><strong>tis</strong></span> <span class='ocrx_word' id='word_1_138' title='bbox 102 1851 250 1931; x_wconf 86' lang='lat' dir='ltr'><strong>periculis</strong></span> <span class='ocrx_word' id='word_1_139' title='bbox 274 1867 339 1912; x_wconf 87' lang='lat' dir='ltr'><strong>rem</strong></span> <span class='ocrx_word' id='word_1_140' title='bbox 368 1847 521 1932; x_wconf 88' lang='lat' dir='ltr'><strong>publicam</strong></span> <span class='ocrx_word' id='word_1_141' title='bbox 547 1854 627 1912; x_wconf 88' lang='lat' dir='ltr'><strong>tanta</strong></span> <span class='ocrx_word' id='word_1_142' title='bbox 654 1864 750 1931; x_wconf 88' lang='lat' dir='ltr'><strong>pace,</strong></span> <span class='ocrx_word' id='word_1_143' title='bbox 784 1854 866 1912; x_wconf 70' lang='lat' dir='ltr'><strong>mato</strong></span> <span class='ocrx_word' id='word_1_144' title='bbox 898 1849 974 1927; x_wconf 83' lang='lat' dir='ltr'><strong>otio,</strong></span> 
     </span>
     <span class='ocr_line' id='line_1_20' title="bbox 47 1933 1014 1996; baseline 0.004 -3"><span class='ocrx_word' id='word_1_145' title='bbox 47 1935 121 1994; x_wconf 88' lang='lat' dir='ltr'><strong>tanto</strong></span> <span class='ocrx_word' id='word_1_146' title='bbox 139 1933 264 1995; x_wconf 89' lang='lat' dir='ltr'><strong>silentio</strong></span> <span class='ocrx_word' id='word_1_147' title='bbox 289 1933 512 1996; x_wconf 87' lang='lat' dir='ltr'><strong>liberassemus.</strong></span> <span class='ocrx_word' id='word_1_148' title='bbox 1011 1965 1014 1968; x_wconf 96' lang='lat'>·</span> 
     </span>
     <span class='ocr_line' id='line_1_21' title="bbox 133 2009 1097 2098; baseline 0.005 -19"><span class='ocrx_word' id='word_1_149' title='bbox 133 2015 409 2098; x_wconf 75' lang='lat' dir='ltr'><strong>Quanquanneo</strong></span> <span class='ocrx_word' id='word_1_150' title='bbox 431 2019 542 2095; x_wconf 86' lang='lat' dir='ltr'><strong>omnia,</strong></span> <span class='ocrx_word' id='word_1_151' title='bbox 565 2014 709 2094; x_wconf 80' lang='lat' dir='ltr'><strong>Quirites,</strong></span> <span class='ocrx_word' id='word_1_152' title='bbox 731 2015 772 2078; x_wconf 83' lang='lat' dir='ltr'><strong>ita</strong></span> <span class='ocrx_word' id='word_1_153' title='bbox 792 2020 864 2080; x_wconf 90' lang='lat' dir='ltr'><strong>sunt</strong></span> <span class='ocrx_word' id='word_1_154' title='bbox 885 2031 904 2078; x_wconf 83' lang='lat' dir='ltr'><strong>a</strong></span> <span class='ocrx_word' id='word_1_155' title='bbox 925 2029 974 2076; x_wconf 81' lang='lat' dir='ltr'><strong>mo</strong></span> <span class='ocrx_word' id='word_1_156' title='bbox 987 2009 1063 2084; x_wconf 75' lang='lat'><strong>1³8</strong></span> <span class='ocrx_word' id='word_1_157' title='bbox 1095 2079 1097 2084; x_wconf 89' lang='lat'><em>.</em></span> 
     </span>
    </p>

    <p class='ocr_par' dir='ltr' id='par_1_3' title="bbox 49 2095 974 2266">
     <span class='ocr_line' id='line_1_22' title="bbox 49 2095 974 2178; baseline 0.003 -20"><span class='ocrx_word' id='word_1_158' title='bbox 49 2095 266 2177; x_wconf 84' lang='lat' dir='ltr'><strong>administrata,</strong></span> <span class='ocrx_word' id='word_1_159' title='bbox 308 2106 341 2162; x_wconf 87' lang='lat' dir='ltr'><strong>ut</strong></span> <span class='ocrx_word' id='word_1_160' title='bbox 373 2100 499 2163; x_wconf 85' lang='lat' dir='ltr'><strong>deorum</strong></span> <span class='ocrx_word' id='word_1_161' title='bbox 532 2099 744 2162; x_wconf 84' lang='lat' dir='ltr'><strong>immortalium</strong></span> <span class='ocrx_word' id='word_1_162' title='bbox 779 2105 853 2162; x_wconf 93' lang='lat' dir='ltr'><strong>nutu</strong></span> <span class='ocrx_word' id='word_1_163' title='bbox 883 2103 974 2178; x_wconf 84' lang='lat' dir='ltr'><strong>atque</strong></span> 
     </span>
     <span class='ocr_line' id='line_1_23' title="bbox 50 2181 974 2266; baseline 0.001 -24"><span class='ocrx_word' id='word_1_164' title='bbox 50 2183 171 2244; x_wconf 86' lang='lat' dir='ltr'><strong>consilio</strong></span> <span class='ocrx_word' id='word_1_165' title='bbox 195 2190 227 2245; x_wconf 90' lang='lat' dir='ltr'><strong>et</strong></span> <span class='ocrx_word' id='word_1_166' title='bbox 248 2189 335 2266; x_wconf 79' lang='lat' dir='ltr'><strong>gestu</strong></span> <span class='ocrx_word' id='word_1_167' title='bbox 357 2191 388 2246; x_wconf 88' lang='lat' dir='ltr'><strong>et</strong></span> <span class='ocrx_word' id='word_1_168' title='bbox 404 2184 532 2265; x_wconf 86' lang='lat' dir='ltr'><strong>provisa</strong></span> <span class='ocrx_word' id='word_1_169' title='bbox 562 2201 633 2246; x_wconf 90' lang='lat' dir='ltr'><strong>esse</strong></span> <span class='ocrx_word' id='word_1_170' title='bbox 661 2183 837 2260; x_wconf 81' lang='lat' dir='ltr'><strong>videantur3</strong></span> <span class='ocrx_word' id='word_1_171' title='bbox 881 2181 974 2263; x_wconf 73' lang='lat' dir='ltr'><strong>idque</strong></span> 
     </span>
    </p>

    <p class='ocr_par' dir='ltr' id='par_1_4' title="bbox 50 2265 1057 3688">
     <span class='ocr_line' id='line_1_24' title="bbox 88 2265 975 2349; baseline 0.001 -23"><span class='ocrx_word' id='word_1_172' title='bbox 88 2283 136 2327; x_wconf 92' lang='lat' dir='ltr'><strong>um</strong></span> <span class='ocrx_word' id='word_1_173' title='bbox 158 2269 335 2330; x_wconf 85' lang='lat' dir='ltr'><strong>coniectura</strong></span> <span class='ocrx_word' id='word_1_174' title='bbox 356 2268 503 2349; x_wconf 86' lang='lat' dir='ltr'><strong>consequi</strong></span> <span class='ocrx_word' id='word_1_175' title='bbox 526 2283 707 2348; x_wconf 89' lang='lat' dir='ltr'><strong>possumus,</strong></span> <span class='ocrx_word' id='word_1_176' title='bbox 738 2265 901 2348; x_wconf 70' lang='lat' dir='ltr'><strong>quod”vix</strong></span> <span class='ocrx_word' id='word_1_177' title='bbox 923 2265 975 2328; x_wconf 80' lang='lat' dir='ltr'><strong>vi-</strong></span> 
     </span>
     <span class='ocr_line' id='line_1_25' title="bbox 70 2349 975 2433; baseline 0.003 -25"><span class='ocrx_word' id='word_1_178' title='bbox 70 2355 132 2410; x_wconf 90' lang='lat' dir='ltr'><strong>etur</strong></span> <span class='ocrx_word' id='word_1_179' title='bbox 148 2349 272 2414; x_wconf 81' lang='lat' dir='ltr'><strong>humani</strong></span> <span class='ocrx_word' id='word_1_180' title='bbox 288 2351 410 2413; x_wconf 81' lang='lat' dir='ltr'><strong>consilii</strong></span> <span class='ocrx_word' id='word_1_181' title='bbox 428 2357 575 2412; x_wconf 80' lang='lat' dir='ltr'><strong>tantarum</strong></span> <span class='ocrx_word' id='word_1_182' title='bbox 587 2368 689 2412; x_wconf 86' lang='lat' dir='ltr'><strong>reruni</strong></span> <span class='ocrx_word' id='word_1_183' title='bbox 706 2349 886 2433; x_wconf 60' lang='lat' dir='ltr'><strong>gaibernatio</strong></span> <span class='ocrx_word' id='word_1_184' title='bbox 904 2365 975 2412; x_wconf 84' lang='lat' dir='ltr'><strong>csso</strong></span> 
     </span>
     <span class='ocr_line' id='line_1_26' title="bbox 50 2433 974 2516; baseline 0.002 -24"><span class='ocrx_word' id='word_1_185' title='bbox 50 2433 191 2511; x_wconf 87' lang='lat' dir='ltr'><strong>potuisse,</strong></span> <span class='ocrx_word' id='word_1_186' title='bbox 213 2441 275 2496; x_wconf 92' lang='lat' dir='ltr'><strong>tum</strong></span> <span class='ocrx_word' id='word_1_187' title='bbox 293 2451 367 2497; x_wconf 85' lang='lat' dir='ltr'><strong>vero</strong></span> <span class='ocrx_word' id='word_1_188' title='bbox 384 2433 424 2496; x_wconf 91' lang='lat' dir='ltr'><strong>ita</strong></span> <span class='ocrx_word' id='word_1_189' title='bbox 440 2440 604 2516; x_wconf 79' lang='lat' dir='ltr'><strong>presentes</strong></span> <span class='ocrx_word' id='word_1_190' title='bbox 619 2434 666 2496; x_wconf 89' lang='lat' dir='ltr'><strong>his</strong></span> <span class='ocrx_word' id='word_1_191' title='bbox 681 2433 868 2515; x_wconf 86' lang='lat' dir='ltr'><strong>temporibus</strong></span> <span class='ocrx_word' id='word_1_192' title='bbox 882 2450 974 2513; x_wconf 90' lang='lat' dir='ltr'><strong>opem</strong></span> 
     </span>
     <span class='ocr_line' id='line_1_27' title="bbox 52 2515 973 2598; baseline 0.005 -25"><span class='ocrx_word' id='word_1_193' title='bbox 52 2519 244 2580; x_wconf 73' lang='lat' dir='ltr'><strong>utensilium</strong></span> <span class='ocrx_word' id='word_1_194' title='bbox 266 2515 355 2581; x_wconf 79' lang='lat' dir='ltr'><strong>nobis</strong></span> <span class='ocrx_word' id='word_1_195' title='bbox 376 2518 525 2594; x_wconf 80' lang='lat' dir='ltr'><strong>tulcnmt,</strong></span> <span class='ocrx_word' id='word_1_196' title='bbox 557 2524 590 2579; x_wconf 90' lang='lat' dir='ltr'><strong>ut</strong></span> <span class='ocrx_word' id='word_1_197' title='bbox 618 2535 673 2580; x_wconf 91' lang='lat' dir='ltr'><strong>eos</strong></span> <span class='ocrx_word' id='word_1_198' title='bbox 695 2535 782 2598; x_wconf 76' lang='lat' dir='ltr'><strong>pene</strong></span> <span class='ocrx_word' id='word_1_199' title='bbox 803 2515 901 2580; x_wconf 88' lang='lat' dir='ltr'><strong>oculis</strong></span> <span class='ocrx_word' id='word_1_200' title='bbox 922 2515 973 2578; x_wconf 83' lang='lat' dir='ltr'><strong>vi-</strong></span> 
     </span>
     <span class='ocr_line' id='line_1_28' title="bbox 53 2595 975 2683; baseline 0.001 -24"><span class='ocrx_word' id='word_1_201' title='bbox 53 2595 120 2659; x_wconf 86' lang='lat' dir='ltr'><strong>dere</strong></span> <span class='ocrx_word' id='word_1_202' title='bbox 139 2613 310 2683; x_wconf 86' lang='lat' dir='ltr'><strong>possemus.</strong></span> <span class='ocrx_word' id='word_1_203' title='bbox 353 2602 428 2664; x_wconf 91' lang='lat' dir='ltr'><strong>Nam</strong></span> <span class='ocrx_word' id='word_1_204' title='bbox 447 2607 479 2664; x_wconf 92' lang='lat' dir='ltr'><strong>ut</strong></span> <span class='ocrx_word' id='word_1_205' title='bbox 497 2601 548 2664; x_wconf 92' lang='lat' dir='ltr'><strong>illa</strong></span> <span class='ocrx_word' id='word_1_206' title='bbox 566 2602 708 2678; x_wconf 85' lang='lat' dir='ltr'><strong>omittam,</strong></span> <span class='ocrx_word' id='word_1_207' title='bbox 727 2601 808 2662; x_wconf 79' lang='lat' dir='ltr'><strong>visas</strong></span> <span class='ocrx_word' id='word_1_208' title='bbox 824 2605 975 2662; x_wconf 85' lang='lat' dir='ltr'><strong>nccmrno</strong></span> 
     </span>
     <span class='ocr_line' id='line_1_29' title="bbox 56 2679 976 2765; baseline 0 -22"><span class='ocrx_word' id='word_1_209' title='bbox 56 2683 186 2764; x_wconf 86' lang='lat' dir='ltr'><strong>tempore</strong></span> <span class='ocrx_word' id='word_1_210' title='bbox 217 2684 253 2747; x_wconf 88' lang='lat' dir='ltr'><strong>ab</strong></span> <span class='ocrx_word' id='word_1_211' title='bbox 284 2685 440 2750; x_wconf 87' lang='lat' dir='ltr'><strong>occidente</strong></span> <span class='ocrx_word' id='word_1_212' title='bbox 467 2683 553 2747; x_wconf 83' lang='lat' dir='ltr'><strong>laces</strong></span> <span class='ocrx_word' id='word_1_213' title='bbox 584 2679 786 2765; x_wconf 84' lang='lat' dir='ltr'><strong>ardoremque</strong></span> <span class='ocrx_word' id='word_1_214' title='bbox 818 2682 902 2760; x_wconf 78' lang='lat' dir='ltr'><strong>cicli,</strong></span> <span class='ocrx_word' id='word_1_215' title='bbox 943 2683 976 2744; x_wconf 89' lang='lat' dir='ltr'><strong>ut</strong></span> 
     </span>
     <span class='ocr_line' id='line_1_30' title="bbox 54 2761 975 2848; baseline 0.005 -25"><span class='ocrx_word' id='word_1_216' title='bbox 54 2761 203 2830; x_wconf 88' lang='lat' dir='ltr'><strong>lalminum</strong></span> <span class='ocrx_word' id='word_1_217' title='bbox 227 2769 341 2847; x_wconf 87' lang='lat' dir='ltr'><strong>iactus,</strong></span> <span class='ocrx_word' id='word_1_218' title='bbox 382 2775 416 2832; x_wconf 91' lang='lat' dir='ltr'><strong>ut</strong></span> <span class='ocrx_word' id='word_1_219' title='bbox 444 2775 534 2831; x_wconf 80' lang='lat' dir='ltr'><strong>terrm</strong></span> <span class='ocrx_word' id='word_1_220' title='bbox 563 2775 662 2831; x_wconf 90' lang='lat' dir='ltr'><strong>motus</strong></span> <span class='ocrx_word' id='word_1_221' title='bbox 693 2774 872 2848; x_wconf 62' lang='lat' dir='ltr'><strong>celsaque,</strong></span> <span class='ocrx_word' id='word_1_222' title='bbox 908 2779 975 2846; x_wconf 78' lang='lat' dir='ltr'><strong>qun</strong></span> 
     </span>
     <span class='ocr_line' id='line_1_31' title="bbox 55 2849 1049 2932; baseline 0.002 -22"><span class='ocrx_word' id='word_1_223' title='bbox 55 2851 108 2910; x_wconf 67' lang='lat' dir='ltr'><strong>am</strong></span> <span class='ocrx_word' id='word_1_224' title='bbox 130 2853 242 2932; x_wconf 80' lang='lat' dir='ltr'><strong>multa,</strong></span> <span class='ocrx_word' id='word_1_225' title='bbox 273 2853 361 2916; x_wconf 89' lang='lat' dir='ltr'><strong>nobis</strong></span> <span class='ocrx_word' id='word_1_226' title='bbox 387 2853 578 2930; x_wconf 90' lang='lat' dir='ltr'><strong>oonsulibus,</strong></span> <span class='ocrx_word' id='word_1_227' title='bbox 613 2851 692 2914; x_wconf 85' lang='lat' dir='ltr'><strong>lacta</strong></span> <span class='ocrx_word' id='word_1_228' title='bbox 722 2856 808 2928; x_wconf 90' lang='lat' dir='ltr'><strong>suut,</strong></span> <span class='ocrx_word' id='word_1_229' title='bbox 839 2855 872 2911; x_wconf 92' lang='lat' dir='ltr'><strong>ut</strong></span> <span class='ocrx_word' id='word_1_230' title='bbox 899 2849 976 2924; x_wconf 83' lang='lat' dir='ltr'><strong>liaec,</strong></span> <span class='ocrx_word' id='word_1_231' title='bbox 1048 2921 1049 2926; x_wconf 8' lang='grc' dir='ltr'>ἵ</span> 
     </span>
     <span class='ocr_line' id='line_1_32' title="bbox 56 2933 976 3014; baseline 0.001 -21"><span class='ocrx_word' id='word_1_232' title='bbox 56 2947 116 3010; x_wconf 79' lang='lat' dir='ltr'><strong>que</strong></span> <span class='ocrx_word' id='word_1_233' title='bbox 139 2949 220 3000; x_wconf 85' lang='lat' dir='ltr'><strong>nunc</strong></span> <span class='ocrx_word' id='word_1_234' title='bbox 251 2935 342 3009; x_wconf 86' lang='lat' dir='ltr'><strong>liunt,</strong></span> <span class='ocrx_word' id='word_1_235' title='bbox 375 2953 489 2999; x_wconf 55' lang='lat' dir='ltr'><strong>‘canore</strong></span> <span class='ocrx_word' id='word_1_236' title='bbox 514 2935 556 2998; x_wconf 90' lang='lat' dir='ltr'><strong>dii</strong></span> <span class='ocrx_word' id='word_1_237' title='bbox 582 2935 766 2998; x_wconf 87' lang='lat' dir='ltr'><strong>immortales</strong></span> <span class='ocrx_word' id='word_1_238' title='bbox 791 2933 976 3014; x_wconf 83' lang='lat' dir='ltr'><strong>viderentur,</strong></span> 
     </span>
     <span class='ocr_line' id='line_1_33' title="bbox 56 3010 976 3102; baseline 0.007 -30"><span class='ocrx_word' id='word_1_239' title='bbox 56 3010 109 3075; x_wconf 88' lang='lat' dir='ltr'><strong>hoc</strong></span> <span class='ocrx_word' id='word_1_240' title='bbox 131 3027 224 3097; x_wconf 83' lang='lat' dir='ltr'><strong>certe,</strong></span> <span class='ocrx_word' id='word_1_241' title='bbox 247 3020 390 3097; x_wconf 86' lang='lat' dir='ltr'><strong>Quirites,</strong></span> <span class='ocrx_word' id='word_1_242' title='bbox 411 3019 493 3102; x_wconf 85' lang='lat' dir='ltr'><strong>quod</strong></span> <span class='ocrx_word' id='word_1_243' title='bbox 514 3037 581 3082; x_wconf 88' lang='lat' dir='ltr'><strong>surn</strong></span> <span class='ocrx_word' id='word_1_244' title='bbox 603 3019 747 3094; x_wconf 88' lang='lat' dir='ltr'><strong>dicturus,</strong></span> <span class='ocrx_word' id='word_1_245' title='bbox 768 3025 871 3098; x_wconf 71' lang='lat' dir='ltr'><strong>nemis</strong></span> <span class='ocrx_word' id='word_1_246' title='bbox 893 3034 976 3099; x_wconf 80' lang='lat' dir='ltr'><strong>pre·</strong></span> 
     </span>
     <span class='ocr_line' id='line_1_34' title="bbox 56 3100 1021 3186; baseline 0.006 -30"><span class='ocrx_word' id='word_1_247' title='bbox 56 3101 269 3166; x_wconf 84' lang='lat' dir='ltr'><strong>termittendum</strong></span> <span class='ocrx_word' id='word_1_248' title='bbox 299 3121 399 3186; x_wconf 87' lang='lat' dir='ltr'><strong>neque</strong></span> <span class='ocrx_word' id='word_1_249' title='bbox 428 3103 657 3184; x_wconf 86' lang='lat' dir='ltr'><strong>relinquendum</strong></span> <span class='ocrx_word' id='word_1_250' title='bbox 690 3107 746 3164; x_wconf 88' lang='lat' dir='ltr'><strong>est.</strong></span> <span class='ocrx_word' id='word_1_251' title='bbox 792 3100 868 3172; x_wconf 85' lang='lat' dir='ltr'><strong>llam</strong></span> <span class='ocrx_word' id='word_1_252' title='bbox 898 3117 1021 3182; x_wconf 75' lang='lat' dir='ltr'><strong>pro-19</strong></span> 
     </span>
     <span class='ocr_line' id='line_1_35' title="bbox 58 3177 976 3268; baseline 0 -22"><span class='ocrx_word' id='word_1_253' title='bbox 58 3177 130 3245; x_wconf 80' lang='lat' dir='ltr'><strong>secto</strong></span> <span class='ocrx_word' id='word_1_254' title='bbox 150 3189 294 3250; x_wconf 86' lang='lat' dir='ltr'><strong>memoria</strong></span> <span class='ocrx_word' id='word_1_255' title='bbox 315 3189 436 3266; x_wconf 86' lang='lat' dir='ltr'><strong>tenetis,</strong></span> <span class='ocrx_word' id='word_1_256' title='bbox 467 3185 552 3248; x_wconf 85' lang='lat' dir='ltr'><strong>Cotta</strong></span> <span class='ocrx_word' id='word_1_257' title='bbox 575 3193 605 3249; x_wconf 89' lang='lat' dir='ltr'><strong>et</strong></span> <span class='ocrx_word' id='word_1_258' title='bbox 626 3185 778 3268; x_wconf 80' lang='lat' dir='ltr'><strong>Torquato</strong></span> <span class='ocrx_word' id='word_1_259' title='bbox 801 3184 976 3248; x_wconf 86' lang='lat' dir='ltr'><strong>consulibus</strong></span> 
     </span>
     <span class='ocr_line' id='line_1_36' title="bbox 59 3268 976 3353; baseline 0.001 -26"><span class='ocrx_word' id='word_1_260' title='bbox 59 3268 221 3348; x_wconf 73' lang='lat' dir='ltr'><strong>complures</strong></span> <span class='ocrx_word' id='word_1_261' title='bbox 238 3271 268 3334; x_wconf 88' lang='lat' dir='ltr'><strong>in</strong></span> <span class='ocrx_word' id='word_1_262' title='bbox 287 3270 435 3353; x_wconf 89' lang='lat' dir='ltr'><strong>Capitolio</strong></span> <span class='ocrx_word' id='word_1_263' title='bbox 456 3271 534 3334; x_wconf 81' lang='lat' dir='ltr'><strong>res³</strong></span> <span class='ocrx_word' id='word_1_264' title='bbox 561 3271 600 3332; x_wconf 88' lang='lat' dir='ltr'><strong>do</strong></span> <span class='ocrx_word' id='word_1_265' title='bbox 616 3270 691 3332; x_wconf 80' lang='lat' dir='ltr'><strong>caelo</strong></span> <span class='ocrx_word' id='word_1_266' title='bbox 714 3287 783 3332; x_wconf 88' lang='lat' dir='ltr'><strong>esse</strong></span> <span class='ocrx_word' id='word_1_267' title='bbox 802 3285 976 3350; x_wconf 83' lang='lat' dir='ltr'><strong>percussas,</strong></span> 
     </span>
     <span class='ocr_line' id='line_1_37' title="bbox 61 3352 976 3433; baseline -0.001 -20"><span class='ocrx_word' id='word_1_268' title='bbox 61 3363 143 3425; x_wconf 78' lang='lat' dir='ltr'><strong>quum</strong></span> <span class='ocrx_word' id='word_1_269' title='bbox 165 3360 196 3416; x_wconf 90' lang='lat' dir='ltr'><strong>et</strong></span> <span class='ocrx_word' id='word_1_270' title='bbox 218 3355 378 3418; x_wconf 88' lang='lat' dir='ltr'><strong>simulacra</strong></span> <span class='ocrx_word' id='word_1_271' title='bbox 397 3356 522 3418; x_wconf 88' lang='lat' dir='ltr'><strong>deorum</strong></span> <span class='ocrx_word' id='word_1_272' title='bbox 538 3353 747 3416; x_wconf 89' lang='lat' dir='ltr'><strong>immortalium</strong></span> <span class='ocrx_word' id='word_1_273' title='bbox 762 3352 888 3433; x_wconf 87' lang='lat' dir='ltr'><strong>depulsa</strong></span> <span class='ocrx_word' id='word_1_274' title='bbox 906 3358 976 3414; x_wconf 90' lang='lat' dir='ltr'><strong>sunt</strong></span> 
     </span>
     <span class='ocr_line' id='line_1_38' title="bbox 62 3434 975 3524; baseline 0 -29"><span class='ocrx_word' id='word_1_275' title='bbox 62 3434 87 3524; x_wconf 70' lang='lat' dir='ltr'><strong>tt</strong></span> <span class='ocrx_word' id='word_1_276' title='bbox 106 3442 208 3500; x_wconf 75' lang='lat' dir='ltr'><strong>statua</strong></span> <span class='ocrx_word' id='word_1_277' title='bbox 228 3446 365 3502; x_wconf 82' lang='lat' dir='ltr'><strong>veterum</strong></span> <span class='ocrx_word' id='word_1_278' title='bbox 392 3440 546 3510; x_wconf 78' lang='lat' dir='ltr'><strong>lominum</strong></span> <span class='ocrx_word' id='word_1_279' title='bbox 577 3439 701 3500; x_wconf 88' lang='lat' dir='ltr'><strong>deiectae</strong></span> <span class='ocrx_word' id='word_1_280' title='bbox 731 3443 761 3502; x_wconf 91' lang='lat' dir='ltr'><strong>et</strong></span> <span class='ocrx_word' id='word_1_281' title='bbox 788 3437 890 3519; x_wconf 77' lang='lat' dir='ltr'><strong>legum</strong></span> <span class='ocrx_word' id='word_1_282' title='bbox 916 3452 975 3496; x_wconf 86' lang='lat' dir='ltr'><strong>aera</strong></span> 
     </span>
     <span class='ocr_line' id='line_1_39' title="bbox 63 3509 975 3602; baseline -0.001 -23"><span class='ocrx_word' id='word_1_283' title='bbox 63 3509 233 3599; x_wconf 72' lang='lat' dir='ltr'><strong>liquefacta-3</strong></span> <span class='ocrx_word' id='word_1_284' title='bbox 279 3528 373 3585; x_wconf 88' lang='lat' dir='ltr'><strong>tactus</strong></span> <span class='ocrx_word' id='word_1_285' title='bbox 394 3529 443 3586; x_wconf 87' lang='lat' dir='ltr'><strong>est</strong></span> <span class='ocrx_word' id='word_1_286' title='bbox 463 3524 552 3588; x_wconf 92' lang='lat' dir='ltr'><strong>etiam</strong></span> <span class='ocrx_word' id='word_1_287' title='bbox 574 3522 646 3598; x_wconf 91' lang='lat' dir='ltr'><strong>ille,</strong></span> <span class='ocrx_word' id='word_1_288' title='bbox 679 3521 732 3602; x_wconf 88' lang='lat' dir='ltr'><strong>qui</strong></span> <span class='ocrx_word' id='word_1_289' title='bbox 761 3520 839 3582; x_wconf 88' lang='lat' dir='ltr'><strong>hane</strong></span> <span class='ocrx_word' id='word_1_290' title='bbox 869 3519 975 3598; x_wconf 86' lang='lat' dir='ltr'><strong>urbem</strong></span> 
     </span>
     <span class='ocr_line' id='line_1_40' title="bbox 64 3601 1057 3688; baseline 0.008 -34"><span class='ocrx_word' id='word_1_291' title='bbox 64 3602 202 3684; x_wconf 86' lang='lat' dir='ltr'><strong>condidit,</strong></span> <span class='ocrx_word' id='word_1_292' title='bbox 233 3607 395 3685; x_wconf 85' lang='lat' dir='ltr'><strong>Romulus,</strong></span> <span class='ocrx_word' id='word_1_293' title='bbox 433 3625 522 3688; x_wconf 84' lang='lat' dir='ltr'><strong>quem</strong></span> <span class='ocrx_word' id='word_1_294' title='bbox 553 3607 723 3669; x_wconf 85' lang='lat' dir='ltr'><strong>inauratum</strong></span> <span class='ocrx_word' id='word_1_295' title='bbox 753 3604 787 3668; x_wconf 92' lang='lat' dir='ltr'><strong>in</strong></span> <span class='ocrx_word' id='word_1_296' title='bbox 815 3601 976 3686; x_wconf 85' lang='lat' dir='ltr'><strong>Capitolio,</strong></span> <span class='ocrx_word' id='word_1_297' title='bbox 1054 3627 1057 3632; x_wconf 54' lang='lat'><strong><em>¹</em></strong></span> 
     </span>
    </p>
   </div>
   <div class='ocr_carea' id='block_1_3' title="bbox 73 3725 286 3750">
    <p class='ocr_par' dir='ltr' id='par_1_5' title="bbox 73 3725 286 3750">
     <span class='ocr_line' id='line_1_41' title="bbox 73 3725 286 3750; baseline 0 0"><span class='ocrx_word' id='word_1_298' title='bbox 73 3725 286 3750; x_wconf 69' lang='lat'><strong>*·-—--</strong></span> 
     </span>
    </p>
   </div>
   <div class='ocr_carea' id='block_1_4' title="bbox 97 3795 982 3934">
    <p class='ocr_par' dir='ltr' id='par_1_6' title="bbox 97 3795 982 3934">
     <span class='ocr_line' id='line_1_42' title="bbox 97 3795 982 3934; baseline -0.047 -32"><span class='ocrx_word' id='word_1_299' title='bbox 97 3804 206 3934; x_wconf 50' lang='grc' dir='ltr'><strong>ζζίζὶ</strong></span> <span class='ocrx_word' id='word_1_300' title='bbox 229 3815 350 3883; x_wconf 57' lang='lat' dir='ltr'><strong>denique·</strong></span> <span class='ocrx_word' id='word_1_301' title='bbox 423 3819 436 3848; x_wconf 72' lang='lat'>²</span> <span class='ocrx_word' id='word_1_302' title='bbox 464 3795 535 3869; x_wconf 65' lang='lat' dir='ltr'><strong>codd·</strong></span> <span class='ocrx_word' id='word_1_303' title='bbox 562 3843 595 3854; x_wconf 87' lang='lat'><strong>-··</strong></span> <span class='ocrx_word' id='word_1_304' title='bbox 625 3816 686 3869; x_wconf 78' lang='lat' dir='ltr'><strong>dum</strong></span> <span class='ocrx_word' id='word_1_305' title='bbox 712 3817 729 3865; x_wconf 79' lang='lat' dir='ltr'><strong>i.</strong></span> <span class='ocrx_word' id='word_1_306' title='bbox 749 3815 765 3865; x_wconf 85' lang='lat' dir='ltr'><strong>i·</strong></span> <span class='ocrx_word' id='word_1_307' title='bbox 787 3831 811 3865; x_wconf 84' lang='lat' dir='ltr'><strong>u.</strong></span> <span class='ocrx_word' id='word_1_308' title='bbox 832 3813 855 3864; x_wconf 81' lang='lat' dir='ltr'><strong>lt.</strong></span> <span class='ocrx_word' id='word_1_309' title='bbox 875 3803 982 3865; x_wconf 81' lang='lat' dir='ltr'><strong>fuisset.¹</strong></span> 
     </span>
    </p>
   </div>
   <div class='ocr_carea' id='block_1_5' title="bbox 0 0 1268 4318">
    <p class='ocr_par' dir='ltr' id='par_1_7' title="bbox 0 0 1268 4318">
     <span class='ocr_line' id='line_1_43' title="bbox 0 0 1268 4318; baseline 0 0"><span class='ocrx_word' id='word_1_310' title='bbox 0 0 1268 4318; x_wconf 95' lang='lat' dir='ltr'><strong> </strong></span> 
     </span>
    </p>
   </div>
  </div>
 </body>
</html>
