2468 4318
298 209 392 266 rna.
413 189 692 266 cnrr‘nrnam.
848 207 853 220 ·
928 185 981 269 aa

27 455 30 465 ,
51 389 162 465 obrem,
190 385 217 448 si
238 353 345 448 adiere
362 383 490 447 honeste
508 399 573 446 nou
594 387 740 466 possunt,
769 383 872 468 perire
888 391 962 452 tur-

50 473 120 552 piter
149 469 255 547 velint,
294 474 345 530 aut
375 485 430 530 cur
459 469 577 530 minore
606 467 713 531 dolore
742 469 894 550 perituros
908 485 913 490 ·
926 487 963 536 se

49 573 109 618 aum
128 553 237 630 multis,
259 553 389 633 quamsi
408 551 620 632 solipcreant‚
639 551 828 617 arbitrentur:
861 554 1008 627 omn-m
1079 635 1081 643 Ι
1123 545 1128 552 ’
1166 548 1170 560 ’

49 644 101 699 tum
126 653 222 720 genus
253 641 298 698 est
326 634 562 716 parricidarum,
597 635 793 714 sicariorum,
830 636 963 720 denique

49 722 168 784 omnium
199 718 459 794 facinorosorum
505 735 583 814 quos
612 725 672 801 ego
703 737 721 782 a
749 718 880 783 Catilina
898 739 963 787 non

47 821 166 880 revonn;
206 821 276 865 nam
297 820 397 885 neque
421 800 523 866 divelli
545 801 581 864 ab
608 819 646 864 eo
667 809 806 884 possunt,
837 811 868 868 et
885 803 962 886 per-2

47 895 109 952 eant
137 902 209 949 sane
244 887 276 948 in
300 886 480 964 latrocinio,
525 885 667 968 quoniam
697 894 770 950 sunt
795 887 838 950 ita
866 890 962 968 multi,

48 978 144 1040 utens
167 981 272 1034 carcer
294 970 427 1052 caperel
453 987 515 1032 non
537 969 644 1051 possit.
690 968 878 1034 Postremum
902 991 962 1036 au-

47 1060 97 1115 tem
117 1072 212 1138 genus
234 1060 292 1130 est,
313 1071 375 1116 non
397 1053 495 1116 solum
516 1069 653 1131 numero,
674 1055 883 1118 verumetiam
901 1075 962 1138 ge-

47 1155 111 1200 nere
131 1139 199 1221 ipso
221 1143 312 1218 atquc
336 1137 415 1213 vita,
450 1136 532 1218 quod
560 1137 716 1218 proprium
743 1143 790 1200 est
815 1137 962 1215 Catilina,

47 1220 160 1284 deeius
183 1221 319 1297 delectu,
358 1220 449 1282 immo
481 1237 555 1283 vero
580 1218 618 1282 de
644 1218 818 1304 complexu
834 1223 900 1286 eius
925 1241 962 1286 ac

47 1301 121 1384 sinu3
142 1322 218 1386 quos
240 1319 323 1386 pexo
347 1303 477 1385 capillo,
505 1303 636 1382 nitidos,
668 1311 718 1366 aut
736 1305 888 1370 imberbes
910 1312 962 1370 aut

46 1387 113 1450 bene
133 1389 275 1460 barbatos
300 1387 419 1465 videtis,
442 1387 603 1449 manicatis·
622 1393 653 1450 ct
674 1388 818 1452 talaribus
840 1391 962 1468 tunicis,

46 1471 111 1533 velis
132 1473 275 1549 amictos,
311 1487 374 1532 non
398 1470 498 1552 togis,
535 1488 662 1551 quorum
684 1471 782 1534 omnis
813 1472 963 1538 industria
1040 1513 1044 1520 -

46 1554 103 1617 vite
124 1562 153 1618 et
173 1553 320 1638 vigilandi
342 1553 429 1616 labor
450 1555 481 1615 in
503 1553 689 1616 antelucanis
713 1555 818 1618 coenis
844 1559 961 1637 expro-

46 1639 131 1701 mitur.
173 1639 205 1702 ln
221 1637 270 1700 his
287 1637 434 1720 gregibus
448 1653 553 1699 omnes
568 1635 728 1715 aleatores,
744 1653 856 1702 omnes
871 1638 961 1701 adul-
971 1650 1007 1698 aa

47 1721 105 1800 tert,
128 1739 231 1785 omnes
252 1721 362 1803 impuri
387 1719 592 1802 impudicique
613 1727 774 1784 versantur
780 1741 790 1797 ;
816 1703 848 1784 hi
871 1723 961 1804 pueri

46 1807 95 1866 tam
122 1806 213 1889 lepidi
248 1823 284 1868 ac
315 1802 435 1866 delicati
463 1819 525 1866 non
556 1802 654 1867 solum
677 1821 778 1866 amare
800 1813 832 1868 et
855 1807 961 1884 anrari,

46 1903 132 1969 neque
152 1891 276 1952 cantare
297 1893 327 1949 et
347 1887 526 1968 psalleret,
547 1885 603 1950 sed
625 1888 714 1950 etiam
737 1889 817 1952 sicas
838 1889 961 1954 vibrare

47 1975 72 2030 et
88 1991 229 2056 spargere
251 1989 370 2035 venena
394 1970 581 2046 didicerunt;
605 1971 658 2053 qui
678 1972 738 2034 nisi
754 1976 875 2052 exeunt,
899 1974 959 2036 nisi

46 2055 319 2135 pereunt3·etiamsi
344 2053 473 2116 Catilina
493 2054 638 2136 perierit,
660 2056 770 2118 scitote
793 2055 903 2119 hocin
923 2073 961 2120 re
995 2077 998 2084 ·

47 2137 153 2215 publica
173 2138 371 2202 seminarium
392 2135 612 2226 Catilinarum³
637 2138 779 2202 futurum.
825 2125 959 2204 'Verum-

46 2224 137 2284 tamen
151 2224 222 2304 qnid
245 2223 304 2285 sibi
326 2221 376 2284 isti
387 2224 491 2283 miseri
510 2221 638 2284 volunt?
660 2221 738 2285 Num
760 2241 958 2302 suas-secum

46 2303 222 2369 mulierculas
247 2311 317 2368 sunt
347 2305 378 2367 in
407 2310 504 2367 castra
528 2303 670 2368 duemri?
708 2307 959 2387 quemadmodum

47 2395 132 2450 autem
149 2390 208 2454 illis
231 2405 339 2454 carere
360 2393 510 2470 poterunt,
532 2387 580 2450 his
596 2390 763 2468 prasertim
779 2391 839 2454 iam
855 2391 959 2452 nocti-

48 2467 117 2532 bus?
160 2473 226 2553 Quo
254 2479 353 2534 autem
377 2471 532 2556 paptorilli
553 2473 746 2553 Apenninum
770 2473 959 2554 atque‘illas

47 2556 154 2632 pruinas
178 2577 214 2620 ac
236 2557 322 2618 nives
345 2553 523 2637 perferent?
561 2555 620 2618 nisi
645 2555 759 2618 idcirco
781 2575 816 2620 se
838 2555 960 2618 facilius

41 2633 160 2702 lienem
183 2641 366 2702 toleraturos
388 2645 507 2722 putant,
542 2638 624 2720 quod
643 2639 716 2702 nudi
748 2640 779 2703 in
810 2639 959 2704 conviviis

46 2720 144 2784 saltare
167 2725 345 2796 didicerunt.
496 2736 500 2743 f

85 2799 88 2808 '
124 2805 147 2868 0
170 2807 282 2871 bellum
304 2823 414 2888 magno
433 2823 527 2887 opere
547 2805 836 2887 pertimescendum,
865 2810 1068 2889 quum2411

48 2879 114 2956 hanc
130 2891 172 2952 sit
192 2891 348 2953 habiturus
368 2889 494 2969 Catilina
515 2896 685 2952 scortorum
703 2888 858 2952 cohortem
876 2909 958 2972 prae-

49 2971 151 3035 teriam.
205 2963 473 3051 lustrationum,
506 2973 657 3050 Quirites,
691 2979 797 3035 contra
821 2973 876 3037 has
898 2981 962 3037 tam·
1057 3049 1069 3058 ⁸

49 3055 192 3128 preclaras
215 3057 352 3120 Catilinae
368 3058 477 3138 'copias
500 3062 600 3118 vestra
621 3055 762 3138 praesidia
777 3064 959 3139 vestrosque

50 3140 185 3203 exercitus
196 3162 204 3216 ;
231 3147 260 3202 et
276 3142 405 3223 primu'm
421 3140 581 3222 gladiatori
595 3139 648 3201 illi
670 3136 809 3202 coniecto
830 3147 862 3202 et
882 3159 958 3204 sau-

51 3215 90 3309 tia
112 3224 250 3288 consules
275 3226 533 3305 imperatoresque
557 3229 676 3290 vestros
705 3225 866 3305 opponite3
900 3223 960 3286 de-

51 3300 109 3363 mde
131 3314 234 3370 contra
262 3307 345 3370 illam
373 3306 587 3388 naufragorum
608 3307 734 3369 eiectam
757 3326 792 3371 ae
816 3306 959 3370 debilita-
1034 3365 1038 3386 ,

51 3385 99 3445 tana
128 3408 243 3454 manum
273 3384 379 3453 ssorem
409 3392 500 3452 totius
527 3390 619 3452 ltaliae
647 3408 683 3453 ac
699 3391 806 3453 ¹robur
831 3389 959 3452 educite.

51 3461 101 3528 lam
120 3465 190 3536 vero
212 3475 305 3537 urbes
323 3474 510 3538 coloniarum
528 3492 564 3536 ac
578 3473 809 3556 municipiorum
824 3490 959 3554 respon-

52 3545 305 3624 detruncatione
325 3558 446 3630 tumulis
477 3557 675 3622 silvestribus.
729 3555 835 3639 Neque
869 3556 957 3638 ego4

51 3677 263 3704 Ἁ-

83 3755 186 3840 ἠοοᾰᾰψ
205 3766 254 3817 edd
278 3741 337 3820 vett.
355 3793 389 3806 -
409 3785 467 3835 cap.
487 3783 555 3821 carc.
592 3765 700 3836 ²psalt.
723 3774 749 3820 et
768 3773 835 3818 rant.
873 3733 960 3820 ¹Ca=
995 3733 997 3742 y

61 3825 217 3906 xtrinomium.
251 3805 268 3871 ἢ
290 3839 360 3890 codd.
380 3865 415 3874 -
434 3838 528 3904 Neque
547 3853 620 3891 voro.

94 3963 133 4009 Cir,
150 3971 208 4016 oras,
224 3971 268 4018 Sol,
482 3963 483 3967 Ἰ
565 3937 571 3950 ¹
747 3981 762 4026 7
