2490 4316
292 239 345 292 ns
639 231 876 310 opmrro

238 442 263 450 ··
288 415 345 476 ore
373 407 516 491 auitoque
541 407 703 491 acquiesco
710 428 721 484 3
753 413 784 474 to
814 427 908 477 unum
934 413 1075 496 intueor;
1114 419 1151 486 ad
1177 427 1200 486 te

287 513 380 559 unum
401 495 500 558 omnis
521 509 588 555 mea
608 498 725 574 spectat
745 494 871 571 oratioe
885 515 953 580 que
973 499 1047 564 mibi
1067 502 1105 566 ad
1128 523 1200 588 spen

229 643 233 646 .
287 577 460 645 obtinendae
478 576 612 638 ueritatis
630 578 810 658 gravissima
830 587 911 658 sunt,
933 580 1105 649 admotum
1123 591 1200 652 animi

288 669 319 727 et
341 662 389 730 ad„
402 679 521 724 omnem
544 660 688 741 impeturn
710 657 831 724 dicendi
853 667 1141 752 contentionemque
1161 673 1199 734 te-

257 747 382 813 ⁶viora
427 743 512 808 lianc
536 743 641 818 enim„
668 741 703 805 G.
728 741 849 822 Cesar,
879 764 1002 812 causam
1034 754 1062 816 si
1086 756 1120 816 in
1141 745 1199 817 foro

286 833 430 906 dicerem,
451 826 559 890 eodem
580 825 771 889 audientest
792 827 977 912 disceptante
998 839 1048 912 te,
1069 846 1200 918 ‹prantam

286 915 358 979 mibi
388 912 571 975 alacritatem
600 911 705 992 populi
726 909 852 974 Romani
873 931 1041 980 concursus
1064 921 1200 985 afferret?

236 1027 240 1034 ·
287 998 363 1074 Quis
384 997 465 1060 enim
487 995 562 1056 civis
584 995 612 1055 ei
634 995 702 1077 regi
724 1010 786 1058 non
806 994 941 1078 faveret,
977 1003 1064 1066 cuius
1091 1022 1200 1068 omnem

287 1087 402 1146 aetatem
430 1080 461 1142 in
489 1077 596 1160 populi
626 1076 751 1139 Romani
782 1077 872 1143 betlis
900 1093 1110 1166 consumptam
1142 1107 1202 1151 esse

286 1161 498 1230 meminisset?
541 1159 714 1244 Spectmen
752 1162 885 1240 curiam,
926 1165 1065 1232 intuerer
1100 1169 1203 1248 torum,

156 1243 160 1250 ’
287 1250 392 1314 cetum
413 1245 545 1326 denique
566 1251 696 1308 testarer
719 1243 827 1326 ipsum.
872 1245 938 1326 Sic,
962 1268 1055 1332 quum
1076 1259 1111 1318 ¹et
1133 1255 1202 1317 deo-

286 1351 353 1396 rum
375 1329 584 1395 immortalium
605 1333 635 1389 et
654 1328 759 1408 popuii
777 1329 903 1394 Romani
925 1338 956 1395 et
969 1343 1095 1399 senatus
1112 1337 1202 1400 bene-

286 1417 354 1481 iicia
384 1417 416 1479 in
439 1430 546 1496 regern
568 1411 743 1476 Deiotarum
771 1412 971 1494 recordarer,
1002 1420 1088 1482 nullo
1120 1421 1202 1484 modo

181 1529 185 1532 ·
257 1493 360 1566 ⁷mibi
379 1499 488 1562 deesse
504 1501 611 1577 posset
634 1495 739 1557 oratio.
783 1496 857 1572 Quo
871 1501 1014 1580 quoniam
1035 1505 1202 1586 angustiora

286 1587 419 1670 parietes
436 1579 559 1657 iaciunt,
582 1577 722 1659 actioque
737 1580 874 1644 maximae
890 1585 1014 1647 causae¹
1037 1585 1203 1650 debilitatur

286 1671 367 1746 loco,
388 1673 471 1730 tuum
493 1671 556 1741 est,
577 1660 697 1739 Cesar,
718 1665 770 1744 qui
791 1681 849 1746 pro
871 1666 971 1732 multis
992 1686 1075 1750 sepe
1098 1671 1203 1747 dixisti,

286 1753 358 1836 quid
377 1749 449 1814 mibi
465 1746 570 1810 nunc²
591 1746 682 1808 animi
698 1748 748 1824 sit,
770 1747 806 1810 ad
826 1754 859 1810 te
878 1749 976 1830 ipsum
993 1751 1123 1832 referre,
1149 1771 1202 1837 quo

283 1835 403 1899 facilius
427 1831 544 1914 quum⁸
573 1829 697 1909 equitas
722 1837 772 1892 tua
795 1837 858 1894 tum
888 1833 1029 1898 audiendi
1051 1837 1203 1922 diligentia
1236 1849 1237 1896 1

284 1920 396 1982 minuat
417 1916 495 1979 banc
514 1912 771 1996 perturbationem
795 1933 902 1980 meam.
1236 1929 1237 1990 t

376 1999 436 2066 Sed
460 2003 619 2079 antequam
642 1994 680 2058 de
695 1999 889 2060 accusatione
906 2000 971 2082 ipsa
990 2000 1070 2080 dico,
1094 2003 1133 2066 dc
1154 2022 1203 2066 aa·
1236 2065 1237 2068 ,

282 2091 454 2147 cusatorum
487 2099 543 2162 spe
571 2098 668 2162 pauca
691 2081 788 2144 dicam
800 2101 809 2157 3
845 2083 898 2164 qui
929 2102 1019 2166 quum
1049 2086 1202 2150 videantur
1236 2077 1237 2102 ¹

282 2185 340 2230 nec
362 2166 485 2250 ingenio
518 2182 576 2226 nee
597 2182 655 2227 usu
676 2167 766 2246 atque
787 2167 1004 2230 exercitatione
1025 2187 1130 2234 rerum
1152 2189 1202 2235 va-

213 2247 647 2417 ott‘gntttttitttt
662 2252 1203 2416 tittwtttttzttttttst

283 2436 345 2482 non
366 2423 454 2479 erant
475 2416 589 2490 nescii;
620 2413 759 2478 affectum
782 2414 866 2478 illurn
885 2418 1065 2498 quibusdam
1087 2422 1202 2484 incom-

282 2501 380 2566 modis
412 2507 442 2562 et
466 2499 651 2562 detrimentis
672 2504 798 2580 propter
826 2497 1026 2566 offensionem
1050 2506 1143 2568 animi
1163 2505 1203 2567 tui

281 2586 497 2660 meminerant,
534 2588 639 2664 [teque
669 2599 760 2663 quum
792 2580 863 2646 buic
889 2585 1017 2665 iratum,
1053 2593 1117 2651 turn
1148 2589 1202 2652 sibi
1235 2585 1236 2592 ’

261 2669 410 2732 'amioum
433 2667 527 2730 esse4
547 2665 797 2750 cognoverant]⁵
846 2677 976 2748 numque
1005 2671 1087 2752 apud
1107 2673 1202 2754 ipsun

281 2759 313 2816 te
334 2751 372 2814 do
400 2756 453 2812 tuo
478 2749 620 2833 periculo,
644 2749 797 2826 dicerent,
826 2685 896 2813 dore
916 2752 1078 2834 potebant,
1113 2763 1148 2818 ut
1175 2757 1201 2817 in
1235 2735 1236 2756 ¹

281 2836 458 2898 exulcerato
494 2834 593 2896 animo
632 2831 722 2895 facite
757 2832 857 2897 tioium
893 2837 1008 2899 crimen
1050 2838 1201 2902 insideret.

159 2911 174 2935 ²
280 2918 486 2992 Quamobrem
509 2913 569 2978 hoc
592 2933 650 2979 nos
670 2918 816 2998 primum,
849 2915 967 2997 Cesar,
1000 2923 1117 3000 metu⁶,
1151 2939 1202 3005 per

67 3073 69 3084 Ι
132 3035 148 3056 ·
280 2995 370 3064 fidem
392 3008 423 3065 et
443 3001 639 3064 constentiam
661 3006 690 3062 et
711 2999 898 3064 clementiam
921 3009 1013 3082 tuam,
1034 3004 1144 3082 iibere,
1167 3023 1203 3068 ne

176 3155 178 3162 ,
279 3084 418 3148 residere
450 3086 481 3148 in
505 3091 536 3148 te
557 3083 648 3146 uliam
672 3089 787 3166 partem
808 3084 972 3149 iracundie
1003 3089 1202 3170 suspicemur.

280 3168 340 3232 Per
370 3167 524 3231 dexteram
554 3167 641 3230 istum
662 3166 718 3229 te⁷
748 3184 825 3245 oro,
857 3185 946 3256 quarn
966 3173 1035 3254 regi
1056 3171 1202 3235 Deiotaro
1234 3193 1235 3222 t

249 3272 253 3287 ¹
279 3251 393 3335 bospes
415 3251 527 3334 bospiti
548 3251 731 3331 porrexisti,
753 3251 859 3329 istem,
882 3252 1026 3335 inquam,
1048 3254 1203 3319 dexteram
1234 3253 1235 3316 t

279 3353 343 3400 non
362 3343 423 3399 tam
447 3336 479 3398 in
502 3334 591 3396 bellis
611 3352 711 3416 neque
731 3335 763 3398 in
791 3334 916 3416 proeliis
949 3356 1039 3418 quam
1071 3339 1105 3401 in
1119 3357 1203 3421 ,pro-

279 3419 382 3483 missis
403 3425 434 3482 et
454 3416 514 3480 tide
533 3417 705 3480 firmiorem.
750 3417 795 3481 Tu
818 3418 900 3482 itiius
920 3419 1040 3484 domum
1062 3422 1155 3501 inire,
1174 3429 1202 3485 tu

278 3509 368 3567 vetus
390 3502 554 3584 bospitium
576 3516 727 3566 renouare
749 3502 890 3580 voluisti3
919 3510 950 3568 to
972 3505 1038 3568 cius
1068 3506 1113 3571 dii
1145 3525 1202 3590 pc-

318 3709 328 3742 ¹
351 3727 438 3764 causae
455 3710 574 3764 maxime.
627 3710 730 3768 'nuuc
755 3711 827 3768 mibi.
877 3713 889 3748 ⁸
911 3714 983 3769 codd.
1001 3711 1065 3782 (tt.)
1084 3739 1123 3755 -
1139 3724 1198 3768 tun.

316 3777 396 3830 ‘ono
423 3795 491 3834 esse.
541 3780 643 3832 teus.
662 3806 697 3823 -
717 3783 875 3838 ιὸκσακοίι.
929 3783 992 3838 ‘R
1010 3809 1046 3824 ··-
1064 3793 1147 3852 nete,
1174 3782 1198 3836 ὓ.

316 3845 410 3900 Caesar.
449 3849 509 3899 'te
526 3850 610 3902 istam.
