2546 4310
295 251 430 313 'xxx1v

262 412 390 472 oratione
422 405 502 477 ivs
526 405 560 460 11
593 402 716 460 breuiter
744 403 879 462 ratione·
910 410 1083 472 reddendam
1118 431 1204 494 puro,
1269 477 1270 480 ,

261 497 329 552 Nam
360 507 439 566 quum
463 489 510 546 liic
539 488 604 544 clim
634 485 777 542 ederetur:
820 491 880 546 ane
899 492 994 551 &loni
1020 509 1205 564 sententioso
1269 559 1270 570 ,

260 577 342 653 ,eqni
368 572 542 640 malueritis,
583 569 671 640 [oute
698 583 742 624 me
770 577 857 644 otqoc
883 591 935 630 nos
963 595 984 634 n
1011 582 1205 644 cmdela'tntis
1269 631 1270 648 t

259 659 467 732 ottnperntione
491 653 669 725 delendetta3
713 660 800 724 otone
826 654 977 730 obtinebo,
1012 680 1080 722 eom
1103 673 1204 727 multo
1269 649 1270 672 ¹

263 745 398 803 kniotem
417 740 517 810 subse,
547 754 619 795 nunc
641 753 657 794 e
681 735 824 795 codicibus
847 739 1055 816 Salisburgensi
1082 758 1113 807 et
1137 754 1204 810 Go-

262 825 382 888 louiensi
404 819 534 898 (quorum
562 821 620 878 bic·
633 836 742 893 quoque
764 819 874 879 bonitas
897 829 1078 899 agnoscitur)
1101 836 1203 893 editur

264 911 299 970 ab
321 907 426 968 Orellio
448 912 476 961 et
495 903 627 961 Klotzio:
656 902 744 972 focile
766 919 810 960 nte
828 913 916 978 otone
940 925 992 968 cos
1011 915 1203 975 mdetitotss

263 992 471 1066 uituperatione
489 986 597 1061 popolo
617 987 743 1044 Romano
765 988 938 1061 ensotoetts‚·
983 995 1088 1055 sedin
1110 988 1201 1060 nodi.

265 1077 343 1136 cibus
372 1071 502 1132 scribitur
538 1076 642 1127 tantun
669 1069 700 1126 P.
722 1070 757 1128 lt.
780 1072 943 1135 ecsoloetis.
984 1075 1042 1135 lnrn
1074 1083 1201 1154 primum

266 1159 374 1218 dativus
397 1157 443 1214 bio
464 1169 516 1228 pro
539 1169 585 1222 eo,
608 1152 683 1226 quod
702 1158 759 1209 est:
780 1153 858 1225 opnd
874 1157 1012 1230 pontons
1026 1162 1200 1235 benennon,

264 1242 341 1302 nullo
362 1238 490 1312 exemplo
511 1235 634 1307 dicitur3
668 1234 769 1294 deiude
787 1253 842 1294 non
860 1247 1005 1298 senatores
1027 1251 1201 1306 senentiam

265 1324 301 1384 nd
322 1321 452 1398 populum
483 1323 618 1394 prestare
639 1333 725 1392 neque
746 1325 775 1375 et
798 1322 940 1380 consulem
961 1324 1118 1386 defendere
1141 1333 1201 1388 de-

264 1406 377 1478 bebant,
400 1402 451 1462 aed
472 1401 569 1484 consul
592 1406 620 1457 et
640 1417 716 1469 suam
734 1406 763 1459 et
781 1402 891 1461 illorum
906 1421 1017 1466 causant
1038 1409 1199 1472 defendere

265 1491 333 1568 (clr.
352 1487 438 1548 verba
461 1485 622 1561 superiora:
645 1483 779 1544 dedamis
798 1486 867 1544 mibi
887 1491 1017 1552 comitem
1038 1493 1080 1550 od
1099 1501 1199 1554 conta·-

265 1573 371 1643 onom).
412 1569 497 1630 Recte
519 1568 579 1626 ltaec
601 1567 708 1626 demum
733 1571 868 1630 sententia
891 1573 961 1629 erit:
987 1573 1113 1648 populati
1136 1581 1199 1638 lto-

263 1675 364 1716 monct
391 1653 505 1732 (iudex)
535 1652 673 1711 cesoloet.
722 1651 779 1708 Sed
811 1669 893 1726 quum
921 1655 951 1712 in
979 1657 1082 1716 litteris
1102 1663 1136 1718 Ρ.
1161 1664 1198 1722 ll.

266 1741 418 1800 subiectum
439 1734 576 1794 contineri
600 1749 654 1794 non
676 1733 890 1809 intelligeretur,
913 1754 1035 1812 persona
1054 1744 1136 1802 verbi
1160 1747 1199 1803 nd

265 1823 410 1900 superiore
432 1816 640 1876 accommodate
664 1821 716 1874 est.
760 1817 914 1892 Postremo,
935 1812 1011 1895 duod
1033 1824 1063 1882 in
1085 1833 1161 1886 oret.
1182 1829 1197 1884 1

264 1909 286 1978 ς
314 1907 354 1963 31
388 1901 498 1974 vulgari
538 1899 638 1960 mendo
671 1897 830 1958 coniectura
861 1903 970 1962 sublato
998 1909 1119 1981 scripsi:
1169 1913 1199 1969 st

265 2005 368 2066 aquom
388 1983 510 2060 oclisiam
538 1979 686 2058 biberunt,
715 1981 807 2055 ponto
831 1987 956 2044 releoota'
974 1989 1109 2050 cibatos·
1129 1991 1198 2068 (ubi

265 2078 325 2132 arat
348 2068 482 2138 biberint,
504 2065 582 2138 quasi
605 2065 762 2122 diceretur:
794 2069 951 2127 releootnm
970 2072 1010 2128 iri
1029 2073 1196 2148 videntur),

266 2156 302 2215 de
324 2171 359 2213 ea
379 2169 411 2211 re
432 2149 491 2208 dixi
515 2148 543 2206 in
572 2149 735 2223 prelatione
757 2148 832 2209 belii
856 2159 884 2210 et
904 2152 1017 2212 Catonis
1038 2173 1067 2232 p.
1090 2157 1143 2216 XX
1167 2167 1197 2216 et

165 2231 168 2239 ’
243 2259 246 2270 ¹
266 2231 458 2314 decorticata
481 2231 624 2309 quomod
646 2231 706 2292 diu.
726 2231 753 2288 V
777 2235 797 2303 s
818 2237 857 2291 41
877 2253 907 2310 p,
931 2235 1028 2296 690st

354 2319 458 2376 Verum
472 2335 527 2374 uon
544 2332 656 2389 possum
671 2313 848 2374 catilinarias
867 2318 1008 2377 orationes
1022 2323 1195 2396 relinquere,

265 2404 319 2465 nisi
340 2419 398 2461 rem
418 2401 463 2459 bis
482 2399 617 2475 proximis
638 2399 716 2456 annia
738 2401 869 2473 agitatam
889 2403 1023 2476 attigero,
1047 2407 1197 2480 suspicio·

265 2504 315 2546 nes
335 2486 400 2544 dico
422 2483 581 2555 iudiciaque
604 2498 720 2554 eorum,
748 2482 796 2557 qni
825 2483 942 2562 primunr
971 2504 1052 2544 unam
1081 2504 1118 2546 ex
1145 2491 1196 2563 iis,

266 2570 367 2630 deinde
388 2569 466 2640 duas,
488 2572 630 2641 postremo
658 2565 740 2622 etiam
764 2573 821 2625 tres
843 2585 933 2626 nona
956 2569 1095 2629 Cicerone
1117 2575 1197 2631 scri-

265 2661 328 2730 ptar
357 2651 408 2712 sed
438 2650 466 2708 ei
499 2651 570 2727 falso
598 2648 722 2705 subditas
752 2653 925 2723 putaverunt.
973 2653 1040 2720 (tua
1064 2672 1128 2726 res,
1165 2665 1198 2713 ut

265 2753 360 2795 aarum
380 2734 480 2805 dicam,
504 2750 519 2789 a
537 2732 586 2789 tali
601 2731 681 2788 initio
700 2733 781 2789 ducta
800 2739 852 2805 est,
874 2735 913 2792 ita
930 2736 1028 2808 crevit,
1052 2736 1087 2794 iis
1103 2755 1197 2810 urgu-

266 2820 364 2878 meutis
385 2823 504 2874 tractate
526 2819 586 2886 est,
618 2821 649 2873 ut
669 2831 796 2886 magnam
816 2817 869 2888 iis,
902 2820 948 2891 qui
973 2834 1067 2876 omnes
1090 2820 1196 2879 buius·

265 2900 342 2962 modi
364 2899 552 2959 dubitationes
581 2898 610 2955 in
631 2896 763 2956 iuvidiam
793 2907 894 2957 vocant
917 2902 1113 2976 inanitatisque
1141 2923 1194 2961 ar-

258 2985 368 3062 vgunsal,
395 3001 460 3046 ,sua
481 2983 624 3039 sententie
646 2982 869 3040 commendanda
890 2985 1047 3042 facultatem
1069 2986 1196 3060 prebeat

266 3083 415 3140 eorumque
433 3065 564 3126 vanitatis
586 3064 725 3134 ridendo,
746 3063 821 3138 oui,
844 3083 880 3123 ae
902 3069 1061 3125 auctoritati
1082 3071 1193 3128 seruire

266 3149 374 3211 laedive
395 3165 458 3206 esse
479 3148 633 3221 videantur,
657 3146 790 3223 quidquid
810 3149 847 3206 eit
867 3151 1003 3224 prolatum
1022 3152 1097 3212 novi.
1110 3169 1195 3210 com-

148 3303 152 3310 .
197 3222 221 3300 ,⁹
268 3227 362 3305 menti,
384 3231 519 3307 arripiant
538 3237 568 3289 et
588 3237 718 3306 augeant
764 3231 860 3298 tticum
882 3233 1010 3309 prolecto
1033 3241 1094 3308 est,
1124 3237 1193 3311 qui.

268 3346 497 3364 Μ

270 3413 279 3439 ¹
297 3410 324 3456 ln
356 3407 425 3474 anille
438 3419 474 3459 re,
492 3406 534 3452 aed
548 3417 600 3462 qun
613 3405 639 3450 iu
653 3405 728 3464 prima
740 3404 796 3450 libri
825 3405 896 3471 agiae
909 3403 1043 3474 positnsit·⁸
1060 3409 1191 3467 diligentia

293 3462 340 3510 mib
363 3462 521 3505 testimouium
535 3472 644 3516 quaram.
679 3459 739 3516 Natu
760 3459 849 3504 oratio
868 3460 916 3504 bac
937 3461 1054 3506 distinctio
1074 3465 1191 3522 displicet,

310 3530 342 3562 na
355 3515 426 3560 etiarn
440 3519 513 3559 auten
527 3527 583 3558 utun
596 3525 664 3557 aum:
690 3514 785 3570 ‚timaee
798 3513 839 3568 lsi,
861 3527 920 3570 quor
934 3517 1025 3566 nictatio
1038 3520 1140 3571 adrem,
1162 3523 1190 3565 ln

328 3585 340 3614 o
361 3581 438 3612 cnuto
457 3569 577 3612 tnturtom
597 3579 658 3611 nono
679 3566 777 3610 coetero
800 3570 931 3634 conflatores
954 3575 1047 3624 panant
1074 3581 1189 3640 oportere

293 3622 491 3724 tztttttttts
504 3621 1190 3740 asttettetttta‘ttttttstialatae

291 3733 380 3774 adosse
394 3729 453 3776 nihil
465 3729 504 3772 lou
522 3729 576 3772 uide
589 3725 710 3772 adtenuata
725 3728 804 3780 debet,
833 3729 893 3784 quod
908 3730 991 3774 cucero
1004 3731 1069 3784 deit,
1085 3732 1119 3776 nic
1133 3734 1190 3779 dila·

292 3783 340 3826 tari
369 3789 442 3830 oteats
471 3784 499 3826 tn
545 3793 652 3825 noanon
668 3783 788 3824 tntnrtnm
803 3783 884 3830 mesre
896 3789 987 3839 putant
1006 3795 1067 3833 uto·
1092 3788 1190 3834 scelere

295 3851 341 3882 eon
360 3845 426 3882 atam
441 3847 542 3886 enmono,
556 3841 669 3885 onortere
688 3835 798 3886 deleniti.
1089 3853 1092 3862 ·
