2490 4316
237 224 522 284 susurrorem
547 201 812 282 sedunens
883 182 885 188 ’
921 229 974 282 aar

58 417 140 482 quarn
160 397 329 482 parricidas
352 411 440 476 osse,
477 396 626 479 siquiden
648 403 702 461 est:
716 397 847 461 enodes
870 396 976 480 patrie
1009 389 1011 393 ’
1089 436 1091 444 1

57 490 207 568 parentem
229 500 318 564 quarn
339 498 427 545 suum
450 480 601 544 occidere.
647 479 710 561 Tu,
739 481 830 544 homo
851 481 975 564 sapiens
1049 531 1053 540 .

58 573 86 631 ot
104 565 304 644 considerate,
327 563 400 647 quid
422 563 526 627 dicis?
559 565 592 628 Si
613 563 778 647 parricidas
792 564 819 642 ¹,
844 563 975 628 eurino-

56 651 135 713 noris
157 667 249 712 causa
271 667 289 712 a
308 654 338 711 te
360 652 429 712 sunt
452 652 483 710 et
501 649 533 710 in
553 647 613 710 hoc
633 647 739 711 ordine
762 653 792 710 et
811 647 893 740 opud
909 663 975 730 po·-

56 733 165 816 pulurn'
180 732 347 795 Romanum
368 748 489 812 semper
510 731 677 813 appellati?
719 749 774 796 our
793 731 833 795 itt.
853 731 975 810 Brutus,

55 816 202 880 referente
225 817 298 894 tet,
320 815 439 898 legibus
464 822 512 878 est
534 815 671 894 sciurus,
694 816 722 878 si
745 815 785 878 ab
807 815 884 880 urhe
904 813 974 897 pius

56 919 138 981 quam
168 899 276 962 decem
304 898 368 961 dics
397 897 568 961 abfuisset?
610 916 666 962 cur
695 897 759 962 iudi
779 897 975 982 Apollinaroe

56 982 219 1047 incredibili
243 981 282 1046 Μ.
303 981 387 1044 Bruti
411 981 528 1044 honore
551 981 722 1045 celebrati?
767 1001 823 1046 cur
844 981 975 1066 prouin-

32 1066 105 1130 'cic
123 1067 215 1130 Bruto
238 1072 268 1128 et
296 1064 404 1129 Cassio
433 1064 534 1128 dane?
577 1084 633 1130 our
658 1071 834 1149 questoros
855 1062 975 1128 adunit

34 1169 104 1224 ¹our
128 1151 299 1233 legatorum
333 1165 477 1211 numerus
508 1149 640 1214 auctus?
682 1148 782 1230 Atque
798 1149 878 1222 *hoec
908 1153 976 1211 octa

55 1240 165 1314 perte.
213 1233 283 1296 Non
312 1231 404 1315 igitur
426 1231 630 1298 homicidasi.
676 1232 836 1315 Sequitur,
872 1236 905 1296 ut
932 1231 975 1293 li-

55 1317 205 1380 beratores
225 1322 279 1382 tuo
303 1316 415 1384 iudicio
436 1315 506 1392 sint,
530 1315 774 1401 quandoquidem
786 1316 907 1388 tertium
922 1313 989 1378 ni,-¹

54 1400 92 1463 hil
111 1406 210 1489 potest
234 1417 314 1465 esse.
353 1398 434 1474 Quid
455 1397 528 1478 est?
561 1417 632 1462 num
653 1400 800 1464 conturbo
821 1399 877 1464 tet
906 1397 1020 1461 Nonou

54 1485 128 1546 onim
150 1484 284 1552 fortasse
306 1483 398 1560 satis,
423 1499 491 1564 quc
512 1481 673 1547 diiunctius
692 1482 847 1562 dicuntur,
879 1481 974 1546 intel·
996 1543 999 1551 ,

56 1567 129 1649 ligis.
167 1565 228 1634 Sed
253 1573 354 1633 tamen
372 1565 437 1634 hcc
456 1582 572 1631 summa
594 1571 641 1631 est
662 1565 867 1630 conclusionis
887 1579 974 1642 mea,

55 1651 188 1730 quoniam
209 1650 330 1719 scelere
352 1666 369 1711 a
392 1655 423 1710 te
443 1648 561 1715 liberati
583 1655 662 1728 sunt,
681 1647 720 1716 *ao
735 1647 843 1714 eodem
858 1655 889 1712 te
905 1665 974 1710 am-

55 1733 193 1815 plissimis
214 1733 348 1816 premiis
371 1731 565 1814 dignissimos
589 1732 746 1804 iudicatos.
788 1731 973 1824 Itaqueiam

54 1822 152 1880 retexo
175 1817 345 1886 orationem
365 1833 471 1882 meam.
519 1813 654 1884 Scribam
674 1815 713 1878 ad
733 1814 822 1896 illos,
857 1820 909 1894 ut,
943 1813 973 1878 si

56 1902 101 1980 qui
118 1899 215 1981 torte,
253 1899 335 1982 quod
363 1918 381 1962 a
406 1904 437 1964 te
460 1897 533 1962 mihi
557 1898 708 1964 obiectum
732 1905 794 1978 est,
828 1901 974 1982 querent,
1032 1913 1045 1928 ‘
1094 1961 1103 1976 ‚

55 1983 126 2048 ncne
147 2003 265 2063 verum,
286 2001 326 2047 ne
347 1983 396 2047 eui
417 1987 538 2065 negent
579 1982 696 2055 Etenim
712 1999 833 2062 uereor,
856 2000 896 2046 ne
911 1985 974 2060 aut,
1052 2027 1058 2038 .
1131 2011 1135 2024 ·

54 2067 173 2131 celatum
194 2087 255 2147 me,
276 2066 337 2130 illis
359 2067 435 2148 ipsis
456 2082 519 2129 non
541 2065 710 2146 honestum,
731 2072 796 2143 ant
817 2067 974 2129 invitatum

55 2148 209 2234 refugisse,
232 2150 306 2222 mihi
329 2151 356 2212 si
377 2149 590 2230 turpissimum.
638 2149 711 2224 Quen
730 2151 810 2213 eninr
831 2165 882 2217 res
901 2166 973 2212 um·
1006 2193 1007 2196 ,
1053 2160 1055 2174 ¹

56 2251 136 2313 quam
159 2235 229 2318 (pro
247 2240 352 2299 sancte
369 2231 536 2315 luppiteri)
557 2250 619 2300 non
642 2233 735 2297 modo
755 2234 788 2298 in
809 2233 866 2297 hac
885 2232 974 2312 urbe,

55 2316 104 2378 scd
125 2319 155 2381 in
179 2319 321 2383 omnibus
340 2317 430 2379 terris
452 2321 500 2378 est
520 2322 609 2398 gesta
630 2316 752 2387 maior?
781 2333 849 2398 quoe
870 2317 973 2400 glori-

55 2400 155 2463 osior?
174 2419 252 2485 ‚quae
276 2399 513 2468 commendatior
536 2397 690 2462 hominum
712 2399 865 2466 memoria
886 2416 972 2464 sem-

52 2483 197 2562 piterne?
236 2485 270 2548 ln
291 2483 382 2550 huius
401 2499 453 2544 me
474 2487 507 2544 tu
528 2483 648 2550 consilii
670 2484 864 2561 societatem,
892 2488 972 2545 tam-
1080 2523 1087 2534 ,

55 2571 188 2644 quanin
210 2585 321 2650 equum
343 2567 522 2646 Troianum,
559 2582 626 2629 curn
655 2558 842 2650 principibus
871 2565 973 2628 inolu-

55 2647 119 2711 dis?
139 2651 207 2721 Non
230 2667 341 2722 recuso
352 2671 361 2726 ;
387 2665 446 2732 ago
469 2650 559 2712 otiam
579 2651 703 2732 gratias,
727 2665 850 2732 quoquo
872 2649 1017 2712 animone

53 2728 132 2798 facis.
168 2735 262 2806 Tanta
286 2735 364 2798 onim
388 2749 440 2795 res
464 2735 577 2810 estut
599 2734 859 2811 in‘vidiamistam,
884 2749 974 2814 quam
1005 2753 1011 2762 ·

55 2817 132 2880 tuin
151 2838 201 2882 me
222 2821 269 2883 vis
291 2818 464 2895 concitare,
500 2835 568 2879 cunr
591 2816 680 2885 leude
706 2833 769 2886 non
791 2831 973 2898 comparem.

55 2895 125 2968 Quid
152 2905 233 2969 enim
254 2903 373 2966 beatius
390 2900 462 2978 iliis,
484 2917 562 2980 quos
584 2904 616 2964 tu
635 2899 779 2982 expulsos
801 2917 819 2961 a
839 2905 869 2962 te
890 2913 973 2981 proe-

56 2979 130 3045 dicas
153 2990 183 3048 ot
206 2985 386 3070 relegatos?
428 2983 479 3065 qui
502 2984 588 3049 locus
612 2989 658 3046 est
680 2990 731 3045 aut
756 2988 818 3060 tam,
834 2982 973 3048 desertus

56 3070 100 3127 aut
118 3073 175 3129 tam
200 3069 398 3146 inhumanum
430 3067 482 3150 qui
502 3066 590 3146 ilios,
623 3066 743 3148 quum4
777 3065 973 3143 accesserint,

56 3161 110 3210 non
128 3151 214 3216 adan
229 3159 319 3234 atque
334 3157 480 3234 appetere
496 3148 659 3217 videatur?
681 3150 732 3231 qui
751 3150 889 3217 homines
912 3155 974 3210 tam

54 3240 194 3314 agrestes,
224 3237 342 3318 quise,
372 3253 463 3317 quum
485 3249 541 3296 eos
563 3233 767 3316 adspexerint,
787 3252 851 3297 non
873 3231 974 3295 maxi·
1014 3299 1016 3304 λ

55 3327 127 3404 muni
149 3320 270 3401 cepisse
291 3321 360 3383 vitm
389 3318 519 3404 fructum
548 3316 678 3398 putent?
719 3335 786 3399 quae
813 3331 888 3378 vero
912 3322 973 3379 tam

54 3410 203 3464 inmemor
223 3405 402 3485 posteritas,
431 3419 498 3484 quae
520 3407 580 3464 tam
604 3401 729 3485 ingratae
749 3400 855 3462 littere
876 3415 973 3481 repe-

54 3477 179 3563 rientur,
201 3504 267 3568 quae
289 3504 395 3550 eorum
416 3485 546 3570 gloriam
569 3502 631 3546 non
652 3483 881 3549 immortalitatis
903 3498 973 3545 mc·

55 3564 143 3627 moria
162 3568 478 3651 prosequerentur
500 3584 575 3630 vero
597 3567 736 3630 adscribe
759 3583 808 3628 mc
830 3565 921 3628 talem
939 3565 972 3629 in

53 3657 210 3714 numerum.
258 3653 319 3722 Sed
347 3671 437 3720 unam
469 3668 533 3717 rem
563 3667 675 3715 vercor
702 3667 742 3714 ne
764 3667 833 3715 non
849 3641 1084 3732 probesmeld

88 3825 261 3897 ¹parricidre.
333 3833 392 3888 ’te
411 3835 487 3890 reior-
544 3835 743 3888 ·³irornicidae.
817 3834 977 3904 ⁴quoquo..
