2468 4318
318 167 710 298 runcurrcrnam.
936 216 997 268 m,

49 401 110 468 qua
130 383 304 462 imminent,
335 398 398 452 uon
426 381 566 462 uideant,
600 379 651 446 abt
676 400 731 458 ea,
768 395 836 464 que
858 381 972 462 vident,

49 468 248 544 dissimulent3
292 467 343 550 qui
371 483 458 548 spem
481 465 619 530 Catilinae
646 464 789 528 mollibus
808 469 971 531 sententiis

49 554 181 615 aluerunt
201 550 506 632 coniurationemque
527 557 703 613 nascentem
726 566 788 611 non
817 548 971 614 credendo

48 637 317 698 corroboraverunt
324 653 333 709 3
368 651 499 715 quorum
520 635 730 698 auctoritatem
751 633 848 696 secuti
873 634 971 712 multi,

46 737 109 781 non
123 719 221 782 solum
241 717 383 799 improbi,
404 736 510 780 verum
532 720 620 780 etiam
640 717 783 799 imperiti,
802 718 829 779 si
845 717 877 782 in
890 717 972 780 huno
996 769 1001 786 .

47 802 340 878 animadvertissem,
383 801 548 864 crudeliter
581 807 611 864 et
639 803 727 884 regie
757 800 868 863 lactum
900 819 971 864 esse
1048 797 1051 806 ⁴

46 885 182 948 dicerent.
232 885 320 948 Nunc
343 884 499 967 intelligo,
531 887 557 948 si
582 887 657 960 iste,
689 902 750 966 quo
773 884 916 962 intendit,
938 887 971 947 in

46 967 177 1035 llalliana
210 975 309 1032 castra
341 969 533 1048 pervenerit,
574 970 726 1032 neminem
757 973 817 1029 tam
846 968 970 1035 stultum

46 1051 118 1128 lore,
136 1052 188 1134 qui
210 1070 274 1118 non
296 1051 396 1115 videat
418 1053 659 1116 coniurationem
677 1069 747 1118 esse
764 1050 887 1130 ¹factam,
909 1070 969 1114 ne-

47 1137 148 1198 minem
170 1144 232 1199 tam
255 1135 445 1280 improbum,
484 1137 535 1218 qui
556 1154 619 1201 non
638 1137 774 1200 fateatur.
815 1135 891 1197 -lloc
912 1155 969 1198 au-

45 1225 97 1280 tem
118 1237 184 1304 *uno
208 1221 289 1282 inter
303 1225 391 1297 ecto,
426 1219 566 1304 intelligo
590 1220 668 1284 hano
691 1222 737 1283 rei
758 1219 888 1301 publicae
908 1237 969 1301 pe-

45 1309 114 1364 stem
134 1303 307 1384 paullisper
329 1303 464 1384 reprimi,
487 1305 595 1368 nonin
612 1308 792 1386 perpetuum
809 1303 969 1384 comprimi

45 1402 137 1465 posse.
183 1385 326 1460 Quodsi
348 1403 384 1448 se
408 1387 534 1449 eiecerit
554 1405 718 1469 secumque
738 1404 811 1450 suos
830 1386 969 1449 eduxerit

45 1475 72 1530 et
87 1470 193 1532 eodem
212 1476 335 1552 ceteros
352 1469 486 1551 undique
505 1470 653 1552 collectos
669 1470 834 1553 naufragos
852 1489 984 1553 aggrew

46 1555 164 1633 gaverit,
188 1555 402 1635 exstinguetur
428 1559 518 1633 atque
542 1553 692 1616 delebitur
709 1570 769 1616 non
791 1554 882 1615 modo
904 1553 969 1620 baeo
1066 1601 1067 1606 η

45 1639 96 1696 tam
120 1637 220 1700 adulta
243 1638 291 1698 rei
317 1636 447 1717 publice
469 1637 587 1717 pestis,
622 1655 728 1699 verum
761 1637 851 1698 etiam
874 1637 968 1718 stirps

44 1735 77 1778 ac
96 1738 198 1783 semen
219 1721 371 1782 malorum
393 1720 535 1782 omnium.
581 1720 700 1783 Etenim
719 1720 842 1797 iamdiu,
865 1726 967 1800 patres
979 1711 1081 1806 ³113

45 1805 220 1885 conscripti,
256 1805 289 1865 in
307 1803 354 1866 bis
375 1803 521 1884 periculis
545 1804 764 1869 coniurationis
787 1803 968 1884 insidiisque

46 1902 211 1964 versamur,
253 1885 327 1962 sed,
359 1887 465 1948 nescio
490 1905 552 1969 quo
574 1894 680 1969 pacto,
710 1888 843 1950 omnium
864 1887 968 1950 scele-

46 1984 103 2030 rum
125 1989 159 2032 ao
182 1971 298 2033 veteris
317 1969 431 2033 luroris
447 1976 477 2033 et
493 1970 627 2034 audacie
648 1973 801 2034 maturitas
823 1972 855 2034 in
871 1970 967 2033 nostri
1017 1993 1019 1998 ’

46 2054 212 2117 consulatus
237 2061 355 2135 tempus
380 2054 488 2136 erupit.
535 2054 675 2130 Quodsi
701 2073 740 2118 ex
763 2061 846 2118 tanto
869 2055 967 2118 latro-

47 2135 118 2199 cinio
141 2138 198 2200 iste
222 2155 302 2202 unus
325 2137 458 2216 tolletur,
480 2137 650 2201 uidebimur
664 2138 794 2201 fortasse
815 2137 853 2201 ad
873 2138 998 2208 breve,

47 2219 192 2297 quoddam
209 2229 330 2302 tempus
355 2239 427 2284 cura
446 2226 480 2283 et
504 2229 585 2284 metu
608 2241 678 2286 esse
700 2222 845 2300 relevati,
878 2221 967 2304 peri-

47 2302 137 2365 culum
165 2311 266 2367 autem
297 2304 442 2386 residebit
473 2311 502 2366 et
532 2306 590 2368 erit
620 2306 768 2370 inclusum
791 2309 913 2388 penitus
934 2305 967 2368 in

47 2387 123 2448 venis
145 2395 238 2470 atque
260 2387 483 2450 invisceribus
505 2389 707 2470 reipublice.
750 2387 787 2452 Ut
808 2407 890 2472 sepe
904 2387 966 2452 ho·

47 2468 133 2532 mines
153 2472 230 2555 egri
255 2471 362 2533 morbo
383 2471 490 2554 gravi,
528 2491 618 2554 quum
639 2480 717 2536 aestu
745 2472 885 2553 febrique
916 2472 965 2534 ia-

48 2555 162 2634 ctantur,
185 2556 213 2618 si
236 2573 342 2636 aquam
366 2555 499 2638 gelidam
520 2556 660 2618 biberunt
673 2557 696 2634 ¹,
717 2557 816 2638 primo
832 2555 965 2619 relevari

48 2634 195 2717 videntur,
232 2637 342 2700 deinde
361 2638 454 2700 multo
478 2640 602 2722 gravius
625 2639 894 2721 vehementiusque
916 2637 967 2701 al·
1085 2687 1104 2724 ἵ.

49 2713 203 2801 dictantur,
242 2723 288 2784 sio
316 2721 366 2785 bic
395 2723 540 2801 morbus,
573 2723 625 2804 qui
650 2729 699 2786 est
719 2724 808 2786 inre
834 2723 967 2804 publica,

47 2801 187 2893 relevatus
211 2807 299 2869 istius
325 2823 439 2888 poena,
470 2806 696 2884 vehementius,
727 2807 805 2869 vivis
825 2806 965 2888 reliquis,
1005 2819 1013 2838 Χ

49 2895 241 2966 ingravescet.
294 2889 396 2972 Quare
427 2889 594 2953 secedant²
625 2890 774 2971 improbi,
805 2893 966 2954 secernant
976 2906 1012 2956 ea

49 2981 79 3061 sc
98 2988 114 3031 a
135 2972 234 3051 bonis,
256 2991 350 3036 unum
367 2974 398 3035 in
420 2972 521 3036 looum
545 2979 782 3056 congregentur,
802 2989 890 3036 muro
907 2973 965 3036 de-

47 3063 140 3132 mque,
163 3055 193 3118 id
219 3056 300 3138 quod
323 3074 405 3138 saepe
425 3056 485 3119 iam
501 3057 575 3134 dixi,
599 3061 797 3120 secernantur
818 3075 835 3120 a
856 3057 964 3132 nobis;

50 3124 175 3202 desinant
209 3139 346 3210 insidiari
376 3140 456 3202 domi
489 3157 552 3204 suae
586 3140 723 3223 consuli,
769 3141 966 3203 circumstare

49 3216 167 3310 tribunal
191 3225 330 3304 praetoris
354 3223 480 3308 urbani,
517 3223 660 3286 obsidere
681 3241 749 3287 oum
767 3224 882 3370 1gladiis
906 3241 965 3286 cu·

50 3311 131 3380 uam,
167 3306 326 3370 malleolos
356 3313 386 3368 et
416 3305 501 3369 laces
532 3306 571 3370 ad
595 3306 765 3370 inflamman
787 3326 834 3370 am
857 3306 963 3369 urbem

50 3397 230 3479 compartum
265 3390 305 3452 sit
327 3389 459 3472 deniquo
480 3390 658 3471 inscriptum
677 3392 708 3455 iu
729 3391 829 3452 fronte
853 3390 963 3458 unius-

50 3479 192 3553 cuusque,
216 3472 288 3554 quid
307 3473 345 3536 de
358 3475 527 3555 republica
542 3475 660 3539 sentiat.
703 3473 856 3537 Polliceor
874 3472 962 3534 vobis
1009 3535 1013 3545 ,

51 3543 135 3632 loci,
162 3563 264 3639 patres
287 3558 473 3641 conscripti,
491 3563 602 3622 tantam
621 3559 652 3622 in
675 3557 764 3621 nobis
786 3555 962 3620 oonsulibus

55 3674 267 3704 Ὰ--η-

83 3753 91 3786 ¹
110 3763 170 3813 cont.
188 3765 364 3818 -biberint
384 3767 416 3800 '¹
437 3769 533 3838 Quare,
552 3777 640 3838 patres
656 3766 807 3836 conscripti,
825 3763 961 3820 recedant·

82 3824 93 3855 ⁸
111 3831 177 3885 codd.
196 3861 229 3875 ·-
247 3835 299 3890 boc
317 3837 401 3891 vobis.
