2546 4310
170 194 257 278 rao
284 221 382 278 snx.
407 219 589 278 nosoro
620 183 851 280 ausnruo.
937 229 971 280 ιι

137 393 218 460 Alter
238 393 290 462 tibi
311 395 469 459 deseendit
490 394 530 460 de
550 394 664 478 palatio
689 400 720 457 et
747 393 861 458 aedibus
891 396 1036 473 suis31aa

68 478 143 542 babet
163 480 249 542 animi
269 481 450 551 relaxandil
478 497 570 543 eausa
591 497 644 542 rus
665 497 824 542 amoenum
846 485 878 542 et
898 481 974 543 sub-

67 563 212 643 urbanum,
240 564 327 646 plura
348 571 495 645 praeterea
516 563 649 645 praedia,
680 581 780 643 neque
801 569 900 626 tamen
923 565 975 626 ul-

67 647 117 708 lum
141 648 196 709 nisi
224 647 402 729 praeolarum
427 655 457 710 et
477 647 699 730 propinquum;
733 646 838 709 domus
862 645 976 710 relerta

67 731 135 792 vasis
155 729 314 794 Corinthiis
335 738 366 793 et
388 731 541 808 Deliacis,
574 731 605 794 in
628 727 737 812 quibus
761 736 809 792 est
832 730 977 812 authepsa

66 814 125 892 illa,
153 833 237 896 quam
258 820 340 878 tanto
358 816 457 896 pretio
477 831 574 895 nuper
595 821 745 878 mercatus
767 820 831 889 est,
853 821 902 892 ut,
925 816 977 895 qui

67 904 275 977 pretereuntes,
309 899 381 980 quid
401 915 503 980 praeeo
535 904 743 975 enumeraret,
779 897 940 961 audiebant
948 899 978 974 2,

68 979 172 1046 laudum
193 983 296 1045 venire
320 983 545 1046 arbitrarentur.
595 981 674 1055 Quid
705 987 852 1063 praeterea
882 981 978 1043 oaelati

68 1066 187 1146 argenti,
218 1065 291 1147 quid
314 1066 458 1150 stragulae
479 1067 591 1144 vestis,
625 1064 697 1148 quid
718 1066 864 1146 pictarum
878 1065 986 1130 ,tabu--

67 1146 165 1228 larum,
198 1150 270 1231 quid
298 1151 474 1232 signorum,
506 1148 580 1230 quid
606 1149 765 1212 marmoris
793 1148 871 1230 apud
894 1149 978 1210 illum

66 1233 159 1312 putatis
174 1232 267 1296 esse?
290 1239 401 1296 tantum
413 1233 539 1311 scilieet,
562 1240 733 1313 quantume
751 1233 850 1295 mullis
869 1233 988 1314 splen-¹

66 1314 186 1397 didisqua
213 1317 337 1382 familiis
368 1318 401 1380 in
423 1320 510 1380 turba
531 1323 561 1380 et
580 1319 694 1400 rapinis
714 1319 892 1380 coacervari
915 1333 976 1402 una

65 1398 192 1464 indomo
210 1402 318 1483 potuit
372 1401 526 1466 Familiam
552 1407 634 1464 uero*
659 1398 815 1483 quantam*
829 1404 859 1462 et
886 1406 1039 1482 quam1³4

66 1483 143 1545 variis
165 1501 230 1550 curn
252 1483 386 1548 artificiis
407 1481 525 1561 babeat,
545 1484 619 1566 quid
642 1502 702 1567 ego
726 1482 862 1547 dicaml'
890 1484 975 1546 Mitto

66 1563 142 1628 basae
159 1575 236 1632 artes
257 1569 420 1652 vulgares,
447 1585 584 1648 coquos,
610 1570 763 1650 pistores,
785 1564 975 1640 lecticarios3

38 1649 140 1732 ¹animi
161 1656 191 1714 et
210 1652 329 1717 aurium
351 1670 442 1716 eausa
468 1657 512 1714 tot
532 1650 671 1715 homines
694 1651 802 1726 habet,
833 1655 865 1712 ut
895 1666 977 1732 quo-
1032 1677 1039 1694 ·

66 1731 160 1796 tidiano
183 1741 272 1800 cantu
295 1753 404 1798 vocum
434 1741 464 1799 et
492 1753 655 1800 nervorum
686 1742 717 1796 et
747 1734 888 1797 tibiarum
915 1748 976 1794 no-

65 1818 219 1900 cturnisque
244 1819 394 1884 conviviis
416 1825 479 1882 tota
500 1819 639 1900 vicinitas
651 1823 814 1900 personet.
861 1817 895 1880 ln
914 1815 976 1876 baa

66 1899 131 1977 uita,
151 1901 282 1978 iudioes,
305 1919 382 1982 quos
403 1908 538 1984 sumptus
562 1903 773 1986 quotidianos,
795 1919 870 1982 quas
892 1899 975 1961 ollu-

65 1982 151 2046 siones
173 1985 238 2049 fieri
259 1985 398 2070 putatis?
433 2004 500 2066 que
530 2004 605 2050 vero
637 1985 802 2050 convivia?
837 1984 975 2060 honesta,

66 2066 160 2147 arado,
183 2071 227 2134 *in
257 2069 408 2134 eiusmodi
430 2070 537 2150 domo,
570 2070 598 2133 si
622 2069 729 2132 domus
752 2068 817 2131 haeo
837 2065 976 2130 habenda

66 2154 102 2210 est
130 2153 224 2232 potius
260 2145 351 2234 quar'n
389 2152 510 2218 officina
537 2155 686 2235 nequitiae·
708 2160 740 2216 et
768 2151 974 2216 deversorium

66 2231 229 2316 flagitiorum
251 2238 395 2302 omnium.
437 2237 506 2319 lpse
527 2255 602 2301 vero
624 2235 873 2319 quemadmodum
887 2244 1040 2296 com-13⁵

66 2319 149 2395 posito
181 2326 211 2383 et
234 2320 371 2385 delibuto
399 2322 511 2402 oapillo
535 2321 649 2404 passim
672 2338 729 2402 per
751 2319 850 2382 lorum
872 2317 985 2381 uolitet·

66 2416 121 2462 oum
143 2422 250 2486 magna
281 2409 418 2475 caterva,
436 2412 466 2467 to
492 2412 627 2483 atorum,
671 2402 799 2479 videtis,
843 2401 976 2475 iudices;

67 2479 152 2560 [etiam
171 2488 291 2565 videtis,
312 2424 490 2570 iudices⁸ff
505 2495 539 2552 ut
554 2505 661 2550 omnes
683 2487 838 2568 despiciat,
862 2491 897 2546 ut
916 2483 977 2544 ho-

66 2568 159 2632 ninem
179 2589 242 2653 prae
264 2589 299 2634 se
322 2573 472 2635 neminem
496 2574 592 2653 putet,
613 2579 648 2636 ut
669 2589 705 2635 se
728 2569 825 2632 solum
835 2567 978 2642 beatum,
1024 2624 1026 2632 s

67 2651 148 2716 solum
175 2661 331 2737 potentem
358 2661 449 2737 putet.
508 2655 581 2731 Quoe
609 2673 683 2718 vero
714 2652 825 2716 elboiat
853 2656 883 2712 et
911 2663 978 2729 quaa

67 2743 193 2816 conetur,
228 2740 258 2803 si
280 2739 372 2802 velim
394 2757 651 2817 commemorare,
684 2753 815 2814 vereor,
850 2733 978 2808 iudices,

68 2831 98 2910 ¹19
114 2821 175 2900 quis
200 2823 371 2904 imperitior
395 2823 563 2901 existimet,
595 2841 644 2886 me
671 2839 792 2887 oausam
814 2816 979 2881 nobilitatis
1039 2825 1041 2830 ’

68 2904 266 2986 uotoriamque
283 2905 418 2971 voluisse
436 2907 556 2970 tedere.
599 2906 729 2970 Tametsi
740 2921 808 2966 meo
820 2904 887 2966 iure
901 2917 979 2983 pos-

68 2997 136 3062 sum,
162 2989 188 3052 si
211 2989 285 3070 quad
310 2990 341 3053 in
362 2990 420 3054 bau
440 2997 527 3071 parto
550 2989 637 3052 mihi‘
650 3008 712 3052 non
733 2988 868 3070 plaeeat,
896 2985 979 3047 vitu-

68 3079 168 3143 perare.
212 3071 281 3136 Non
302 3073 383 3136 enim
403 3091 524 3150 uereor,
545 3092 585 3136 na
607 3073 827 3154 quis'alienum
843 3087 892 3132 me
909 3068 978 3130 ani-

68 3164 132 3242 num
151 3154 292 3222 habuisse
316 3175 334 3219 a
358 3175 451 3220 causa
478 3157 644 3221 nobilitatis
668 3156 826 3221 existimet.
874 3151 978 3216 Seiunt
990 3149 1089 3228 1³64?

70 3247 95 3308 1¹,
114 3238 160 3316 qui
179 3257 228 3302 me
251 3245 371 3317 norunt,
396 3259 456 3319 me,
481 3257 538 3320 pro
560 3241 655 3304 maa4
691 3240 774 3303 tenui
799 3235 977 3323 infirmaque

70 3324 148 3396 bana,
167 3328 362 3405 posteaquam
383 3324 425 3402 id,
448 3323 537 3406 ‘quod
562 3325 692 3388 maxima
711 3319 810 3400 volui,
823 3319 895 3394 ¹lieri
915 3333 978 3379 non

71 3404 165 3490 potuit,
191 3413 225 3468 ut
246 3413 497 3489 componeretur,
521 3407 553 3470 id
576 3408 705 3469 maxime
727 3405 918 3478 defendisse,
946 3403 980 3460 ut

68 3495 94 3576 ιι
107 3486 262 3568 vincerent,
284 3493 334 3571 qui
356 3493 503 3570 puerunt.
552 3489 626 3564 Quis
644 3492 724 3564 enirn
743 3496 817 3567 erat,
842 3486 893 3568 qui
917 3499 980 3544 non

74 3565 186 3651 viderat,
226 3575 420 3638 humilitatem
444 3593 512 3638 oum
542 3573 705 3658 [dignitate
723 3572 800 3655 de]⁶
837 3567 979 3650 amplitu-

104 3703 111 3736 ¹
130 3705 286 3779 [relaxandiI.
346 3717 359 3748 ²
380 3718 445 3768 coni.
464 3736 478 3769 e
496 3726 556 3770 aest.
578 3715 650 3768 codd.
669 3715 739 3780 (Par.
759 3718 783 3767 1.
801 3717 826 3766 4.
844 3711 879 3767 st.
898 3709 979 3773 Viot.)

101 3796 129 3813 ··
148 3793 337 3860 praetereuntes
363 3789 475 3854 pretium
505 3789 652 3840 enumerari
681 3786 830 3840 audiebant.
893 3784 980 3836 ‘urae

102 3860 171 3901 Μαι·
223 3855 320 3910 ⁴coua'·
340 3883 375 3894 -
392 3857 444 3911 illa.
499 3859 597 3911 ‘aaut
617 3883 651 3894 -
669 3859 725 3911 sina
742 3857 824 3910 uocis·
897 3901 899 3913 .
