2490 4316
229 147 781 254 'ancaranuarornao
877 151 979 258 sroa
1073 193 1076 202 ’
1163 161 1165 168 ’

61 335 137 432 naus
161 375 361 451 acceperunt3
409 373 439 432 te
471 366 599 433 amicum
621 375 651 433 et
671 370 821 454 placatum
840 372 977 440 Deiotari
1023 348 1025 358 ’

61 454 134 536 ragis
157 470 215 515 urae
236 451 358 534 focique
380 452 526 516 viderunt.
570 452 667 526 Quum
682 455 773 518 facilc
793 460 1004 538 [exorari]¹,a

60 535 161 614 Cacsar,
189 541 248 598 urm
271 535 366 626 semel
387 537 509 598 exorari
530 536 622 600 soles.
666 537 761 622 Nemo
783 557 923 623 umquam
944 549 976 606 to

58 619 175 699 placavit
197 619 345 694 inimicus
367 620 418 701 qui
440 621 517 682 ullas
538 621 692 684 resedisse
714 622 746 684 in
765 628 795 684 te
816 624 975 690 simultatis
1063 651 1066 658 ·

58 702 190 783 reliquias
212 702 351 779 senserit.
394 703 580 786 Quamquam
599 705 647 790 cui
663 711 732 767 sunt
748 705 886 772 inaudite
904 727 972 774 cum

58 781 189 848 Deiotaro
214 784 346 867 querelae
374 786 457 849 tuae?
492 785 659 868 Numquam
681 795 714 850 tu
737 788 820 852 illum
843 808 972 856 accusa-

57 869 117 930 visti
138 875 168 932 ut
188 870 322 948 bostem,
357 869 412 932 scd
439 875 473 932 ut
496 871 622 932 amicum
645 869 746 934 officio
769 890 874 953 parum
897 874 971 939 fun-

56 956 140 1028 ctum,
177 953 258 1034 quod
289 952 473 1034 propensior
503 953 533 1014 in
560 951 614 1016 Cn.
645 953 782 1044 Pompeii
810 959 970 1023 amicitiam
1133 1018 1140 1025 .

55 1033 150 1098 fuisset
172 1053 261 1118 quam
285 1037 317 1097 in
336 1041 434 1111 tuam3
461 1037 510 1099 cui
530 1042 628 1100 tamon
653 1037 713 1118 ipsi
731 1039 778 1100 rei
798 1042 917 1104 veniam
939 1049 972 1106 ta
994 1105 998 1112 ,
1039 1043 1044 1054 “

55 1117 176 1180 daturum
200 1117 297 1181 fuisso
318 1118 459 1196 dicebas,
493 1121 539 1196 si,
576 1124 666 1202 quum
689 1122 801 1184 auxilia
824 1122 970 1206 Pompeio

55 1201 97 1262 vol
115 1203 201 1266 etiam
223 1202 317 1264 lilium
338 1203 489 1280 misisset,
520 1204 587 1284 ipse
615 1205 710 1268 atatis
743 1207 968 1270 excusatione⁸

53 1302 116 1345 usus
135 1293 223 1349 esset.
272 1285 315 1348 lta
339 1304 429 1367 quum
452 1287 678 1350 maximiscum
702 1289 794 1352 rebus
810 1288 968 1370 liberares,
996 1291 1000 1308 ¹

51 1385 216 1450 perparvam
235 1369 376 1432 amicitie
394 1369 510 1451 culpam
533 1371 735 1451 relinquebas.
782 1372 884 1454 ltaque
903 1389 965 1439 non
979 1379 1013 1430 1⁰

52 1451 137 1514 solum
158 1453 188 1514 in
219 1471 290 1516 eum
313 1469 375 1514 non
403 1449 656 1532 animadvertisti,
691 1453 746 1516 sed
775 1457 857 1518 omni
885 1465 966 1521 metu

53 1532 215 1615 liberavisti,
236 1536 388 1618 hospitem
404 1537 565 1617 agnovisti,
582 1554 687 1618 regam
703 1538 862 1619 reliquisti.
900 1539 965 1603 Ne-

51 1635 101 1696 que
121 1621 197 1691 eninr
220 1619 276 1683 illc
299 1617 370 1680 odio
391 1620 434 1680 tui
455 1637 648 1701 progressus,
672 1619 728 1684 sed
749 1638 855 1684 errore
877 1640 965 1686 corn-

51 1702 121 1762 muni
143 1703 244 1784 lapsus
268 1707 323 1766 est.
369 1701 398 1764 ls
417 1719 484 1780 rex,
508 1721 598 1783 quem
618 1707 740 1767 senalus
761 1702 821 1765 hoc
840 1707 964 1770 nomino

49 1800 120 1864 sape
140 1784 450 1849 honorificentissimis
473 1785 601 1848 decretis
626 1785 861 1868 appellavisset,
891 1789 963 1871 qui·
1050 1833 1054 1840 -
1079 1869 1082 1874 Ι

50 1885 99 1945 que
115 1871 197 1932 euml
217 1869 355 1932 ordinem
374 1868 411 1930 ab
432 1868 636 1932 adolescentia
657 1871 839 1952 gravissimu
858 1890 963 1936 msan-

49 1950 261 2035 ctissimumque
284 1952 430 2026 duxisset,
450 1952 556 2014 iisdem
579 1953 671 2016 rebus
694 1958 739 2016 est
759 1955 963 2034 perturbatus,
1063 2003 1065 2008 ,

48 2030 126 2097 bomo
148 2035 331 2120 longinquus
352 2042 382 2097 et
401 2036 581 2119 alienigena,
604 2037 711 2118 quibus
732 2053 789 2100 nos
810 2039 842 2100 in
863 2039 962 2104 media

47 2132 76 2176 re
101 2119 216 2198 publica
240 2119 303 2182 nati
327 2137 506 2201 semperque
533 2121 653 2183 versati.
704 2120 804 2194 ¹Quum
833 2117 1050 2202 audiret,11'4

46 2208 156 2265 senatus
177 2202 394 2272 consentientis
419 2203 592 2266 auctoritate
615 2222 696 2267 arma
718 2211 853 2286 sumpta,
882 2222 962 2270 oon-

46 2283 158 2363 sulibus,
181 2285 373 2368 praetoribus,
398 2285 526 2348 tribunis
549 2286 657 2367 plebis,
680 2289 768 2350 nobis
793 2290 961 2369 imperato-

45 2365 118 2430 ribus
140 2388 203 2434 rem
230 2369 382 2452 publicam
405 2367 623 2432 defendendam
648 2370 760 2448 datam,
784 2372 961 2436 movebatur

37 2451 132 2532 ¹animo
158 2459 187 2515 et
218 2455 266 2515 uir
293 2451 364 2514 huic
393 2452 521 2533 imperio
554 2453 752 2516 amicissimus
786 2454 824 2515 de
861 2455 960 2518 salute

45 2535 136 2614 populi
157 2535 286 2600 Romani
301 2535 526 2613 extimescebat,
541 2537 579 2598 in
591 2551 650 2616 qua
665 2538 754 2599 etiam
767 2554 852 2601 suam
868 2539 957 2600 esse⁴
985 2578 988 2588 ·

44 2615 177 2682 inclusam
200 2620 332 2683 videbat.
375 2618 407 2680 ln
424 2636 539 2680 summo
554 2627 653 2682 tamen
670 2621 777 2683 timore
794 2621 959 2702 quiescen-

44 2697 104 2761 dum
124 2703 181 2766 sibi
206 2720 277 2765 esse
300 2701 508 2764 arbitrabatur.
549 2701 678 2765 Maxime
699 2719 773 2764 vcro
794 2704 958 2785 perurba-
1081 2769 1086 2780 ,

44 2785 82 2844 tus
104 2792 157 2862 est,
178 2795 212 2849 ut
233 2785 356 2863 audivit,
379 2785 519 2848 consutos
538 2803 577 2847 ex
593 2787 677 2848 ltalia
694 2786 870 2870 profugisse
888 2803 958 2849 om·
1058 2831 1067 2844 .

43 2881 145 2948 uosque
161 2869 337 2933 consulares
355 2869 412 2949 (sic
427 2869 505 2932 enim
520 2870 566 2931 ci⁵
582 2870 795 2948 nuntiabatur),
817 2876 957 2932 cunctum

42 2947 184 3030 sebatum,
213 2958 305 3016 totam
326 2952 439 3015 ltaliam
459 2969 528 3013 esse
549 2951 684 3014 effusam.
731 2952 853 3016 'latibus
876 2953 956 3015 enim

42 3035 143 3097 nuntiis
165 3043 195 3099 et
218 3037 389 3098 rumoribus
403 3035 532 3116 ¹patabat
556 3035 593 3096 ad
619 3034 773 3097 Orientem
797 3036 863 3114 via,
898 3053 957 3098 nec

41 3115 87 3177 adli
106 3121 170 3181 veri
189 3119 457 3200 subsequebantur.
499 3117 580 3180 Nihil
603 3119 655 3180 ille
673 3117 716 3181 dc'
726 3119 956 3183 condicionibus

40 3200 107 3277 tuis,
139 3203 215 3265 nibil
250 3203 287 3265 de
316 3202 417 3265 studio
441 3201 611 3264 concordiae
635 3209 664 3264 et
687 3203 790 3284 pacis,
820 3203 896 3266 nibil
916 3201 956 3264 du
983 3197 986 3216 '

41 3286 255 3365 conspiratione
277 3285 417 3348 audiebat
438 3291 588 3347 certorum
611 3285 764 3368 bominum
785 3291 888 3348 contra
905 3282 955 3346 di-

40 3367 172 3442 gnitatem
193 3376 284 3432 tuam.
333 3369 405 3452 Quae
427 3387 517 3450 quum
541 3369 581 3430 ita
603 3376 715 3448 assent,
738 3375 837 3430 tamen
857 3383 955 3447 usque

40 3463 73 3506 co
94 3467 126 3511 so
154 3453 264 3530 tenuit,
299 3452 399 3533 quoad
428 3471 445 3514 a
471 3450 524 3514 Cn.
546 3451 689 3534 Pompeio
712 3451 749 3514 ad
771 3469 838 3513 eum
860 3450 955 3532 legati

40 3527 197 3616 littoraque
220 3542 376 3600 venerunt.
422 3533 568 3618 Ignosce,
596 3535 755 3618 ignosce,¹
775 3533 887 3612 Cesar,
927 3533 1000 3596 sila

37 3655 257 3679 Ἣ-

70 3722 79 3754 ¹
99 3727 168 3779 codd.
189 3729 245 3782 edd.
264 3739 322 3782 cett.
336 3731 411 3783 orari.
424 3755 458 3766 -
468 3730 524 3782 alca
536 3729 618 3782 uncis.
672 3728 687 3761 ¹
707 3729 778 3782 codd.
791 3725 854 3794 (tt.)
865 3731 954 3780 -axc

68 3800 164 3864 artatis..
185 3800 283 3854 'codal-
297 3828 327 3836 -
341 3800 422 3854 illum.
449 3798 466 3842 ⁴-
477 3800 548 3854 codd.
561 3797 727 3865 (EQ—orn.
739 3815 808 3853 ease.
835 3800 954 3851 ‘ommi

60 3929 106 3974 cte.
125 3934 192 3978 urar.
211 3929 259 3980 set·
723 3913 755 3992 la
