2546 4310
155 231 245 292 PRO
275 231 377 290 SEX.
403 221 582 290 ROSCIO
610 181 842 307 AMERINO.
928 238 963 310 η

45 407 102 472 suis
120 404 229 486 ilium,
260 407 294 471 in
315 423 376 490 quo
400 423 463 470 non
485 404 577 470 modo
599 406 688 490 culpa
706 406 808 486 nulla,
844 405 901 471 scd
923 423 964 470 ne

45 491 169 572 suspicio
198 490 320 572 quidem
350 492 449 574 potuit
486 490 679 554 consistere?
722 489 873 572 Numquid
912 491 964 554 hic

46 574 117 637 atiud
138 572 246 636 videtis
268 576 389 638 obstare
410 573 522 637 Roscio
536 575 563 652 ²,
584 575 644 637 nisi
665 573 747 656 quod
767 575 861 657 patris
882 575 963 638 bonu

45 657 214 720 venierunt?
241 657 329 732 Quod
346 657 374 720 si
395 658 427 721 id
449 675 505 722 vos
521 658 674 740 suscipitis
692 664 723 721 et
740 675 806 721 eam
823 654 1075 728 adrem²1⁶³53
1125 721 1131 732 ,

47 759 156 822 operam
182 748 313 804 vestram
334 741 534 823 profitemini,
568 740 594 804 si
619 741 734 804 idcirco
763 741 896 822 sedetis,
928 750 963 808 ut
1053 785 1055 793 ι

49 825 148 887 advos
170 823 356 889 adducantur
379 842 485 888 eorum
511 823 618 902 liberi,
651 842 779 906 quorum
800 825 881 889 bona
904 844 963 890 ve-

50 908 165 985 nierunt,
195 915 321 988 cavete,
349 927 406 990 per
427 909 503 971 deos
525 907 726 986 immortales,
755 907 890 990 indicas,
923 929 964 974 ne

50 1008 111 1052 nova
134 997 163 1052 at
183 992 279 1058 multo
304 990 459 1054 crudelior
481 1008 538 1073 per
561 1008 617 1053 vos
637 991 822 1074 proscriptio
844 993 963 1056 instau-

50 1081 99 1136 rata
119 1091 186 1137 csse
207 1076 357 1138 videatur.
403 1075 488 1138 lllam
509 1075 655 1157 priorem,
679 1093 746 1158 quae
762 1075 840 1138 iacta
862 1083 909 1140 est
930 1077 963 1140 in

49 1174 100 1236 cos,
117 1159 166 1239 qui
190 1177 274 1221 arma
296 1177 406 1241 capere
427 1164 603 1240 potuerunt,
624 1165 723 1221 tamen
745 1166 867 1230 senatus
888 1179 963 1224 sus-

50 1242 133 1321 cipere
153 1240 262 1322 noluit,
292 1261 332 1306 nc
355 1242 558 1324 paduanus,
592 1261 680 1323 quam
704 1245 791 1306 more
813 1245 963 1308 maiorum

50 1331 233 1406 conparatum
261 1331 331 1404 ost,¹
358 1326 483 1408 publico
505 1325 635 1389 consilio
658 1326 769 1389 sactum
790 1326 963 1405 videretur;

50 1405 213 1487 imovero,
236 1427 304 1492 quae
322 1408 360 1472 ad
381 1427 488 1472 eorum
511 1409 626 1472 liberos
649 1415 737 1491 atqua
752 1411 790 1474 ad
804 1411 961 1475 infantium

50 1508 190 1568 puerorum
223 1493 407 1564 incunabula
437 1492 586 1573 pertinet,
632 1494 692 1556 nisi
721 1492 781 1556 hoc
809 1495 963 1559 iudicioa

49 1573 118 1636 vohis
138 1576 268 1639 reiicitis
290 1583 322 1638 et
343 1573 564 1657 aspamamini,
587 1574 706 1653 videte,
729 1595 785 1658 per
806 1576 881 1642 deos
902 1579 963 1642 im-

50 1657 189 1737 mortales,
229 1677 322 1742 quem
353 1661 386 1722 in
408 1659 508 1722 locum
528 1675 594 1721 rem
615 1658 767 1740 publicam
794 1666 963 1744 perventuz
992 1687 999 1707 ·

51 1755 97 1802 ran
112 1743 226 1822 putetis,
686 1751 687 1756 ’

114 1825 257 1890 Homines
286 1825 441 1909 sapientes
471 1829 502 1887 et
530 1824 587 1888 ista
615 1824 795 1896 auctoritate
818 1835 850 1890 et
868 1832 1025 1909 pote-154

53 1911 109 1968 state
126 1909 288 1990 preditos,
313 1929 371 1991 qua
392 1925 449 1972 vos
471 1909 562 1987 estis,
584 1927 624 1970 ex
647 1909 755 1990 quibus
779 1911 871 1974 rebus
894 1930 962 1974 ma-

54 1989 113 2052 rine
133 2011 181 2056 rea
204 1993 329 2076 publica
354 1993 487 2071 laborat,
524 1993 562 2055 iis
584 1993 715 2055 maxima
738 1994 856 2057 mederi
883 2013 962 2057 con-

55 2075 123 2136 unit.
163 2075 306 2140 Vestrum
329 2093 419 2140 nemo
444 2081 510 2155 est,
532 2076 604 2158 quin
627 2074 794 2158 intelligat,
814 2078 963 2160 populum
1008 2115 1015 2131 ι

56 2151 203 2240 Romanum,
227 2163 281 2242 qui
302 2160 452 2241 quondam
473 2160 506 2222 in
529 2159 634 2222 hostes
656 2157 829 2223 lenissimus
852 2163 963 2225 existi-

58 2241 173 2321 mabatur,
197 2243 260 2306 hoc
281 2249 418 2325 tempore
435 2243 601 2306 domestica
617 2242 795 2306 crudelitate
813 2245 962 2310 laborare.
1077 2248 1081 2272 ¹

58 2317 228 2390 Hanctollite
254 2328 454 2406 amenitate,
492 2325 629 2403 iudices,
670 2325 748 2388 hanc
777 2329 839 2410 pati
867 2330 963 2392 nolite
1055 2404 1059 2412 Ι

59 2403 143 2472 diutius
163 2412 195 2473 in
219 2411 278 2474 hac
298 2429 334 2473 re
354 2410 475 2493 publica
497 2409 615 2472 versari
622 2428 631 2484 3
654 2427 721 2490 quae
741 2428 803 2473 non
824 2413 914 2475 modo
930 2415 963 2477 id

59 2484 125 2553 habet
142 2495 172 2556 in
191 2512 227 2558 se
250 2494 340 2571 mali,
377 2493 457 2574 quod
473 2497 525 2570 vtot
544 2493 626 2555 cives
649 2494 836 2557 atrocissime
857 2502 962 2561 sustu-

60 2567 199 2648 lituorum
217 2578 306 2641 etiam
329 2576 500 2640 hominibus
522 2575 686 2638 lenissimis
708 2576 817 2640 ademit
837 2581 962 2644 miseri-

61 2657 165 2724 cordiam
194 2661 414 2725 consuetudine
445 2659 712 2722 incommodorum.
764 2659 840 2724 Nam
870 2680 962 2744 quum

62 2741 169 2808 omnibus
198 2745 286 2808 horis
314 2743 437 2825 aliquid·
460 2743 603 2805 atrociter
634 2742 701 2804 fieri
737 2743 873 2809 videmus
911 2755 963 2812 aut

63 2821 187 2907 audinus,
223 2828 312 2892 etiam
343 2828 395 2909 qui
423 2833 528 2890 natura
552 2826 702 2888 mitissimi
726 2845 847 2906 sumus,
880 2831 963 2895 assi-

64 2900 148 3000 duitate
176 2913 382 2975 molestiarum
413 2929 536 2975 sensum
565 2927 684 2973 omnem
708 2909 899 2978 humanitatis
922 2933 963 2980 ex
1055 2975 1060 2985 .

65 2992 142 3054 aunis
163 2996 330 3061 amittimus.
413 3043 415 3051 ι

64 3109 260 3142 ἱ’”-“·-ι-·

90 3176 136 3237 ¹F.
149 3187 277 3258 Numquid
294 3188 356 3241 huic
375 3205 399 3240 a.
417 3203 443 3240 v.
463 3185 579 3251 obstare,
598 3186 657 3239 nisi.
714 3184 729 3218 ¹
749 3189 815 3244 coni.
845 3188 965 3244 (luticiani

89 3265 161 3310 cocat.
181 3261 251 3314 codd.
270 3287 307 3300 -
327 3260 361 3314 ad
382 3258 495 3311 eandem
516 3271 582 3308 rcnr.
860 3273 862 3278 ¹

304 3545 687 3570 ...„......-......-..-
