2468 4318
234 219 325 277 nno
355 217 543 311 nnkcurn'
573 189 739 276 roura„
893 219 946 278 an

28 399 66 462 ttr
84 393 257 460 deitatibus
277 391 432 476 odrnipts'
450 395 601 478 subrent,
625 395 656 457 si
677 401 756 468 mm,
781 387 870 475 ¹gatrnu
893 394 946 458 teo

26 481 191 562 ferebatur,
235 481 269 540 in
302 479 398 542 Itoliu
432 477 616 541 domicilium
647 477 825 540 tolomeus
855 487 885 540 et
915 482 947 541 ai

27 567 182 644 moninio
219 561 336 624 diebus
360 562 444 642 apud
471 571 635 642 praetorem
667 569 768 623 esrem
795 563 943 643 professi.

29 648 118 722 Quum
149 646 201 709 hio
223 646 410 709 domicilium
430 645 533 709 Rome
554 646 664 709 multos
686 645 744 707 iam
767 663 863 709 annos
884 647 944 709 lra-

28 732 120 807 beret,
157 729 318 813 professus
349 735 396 793 est
424 729 503 812 apud
534 735 694 812 pretorem
725 727 761 802 0.
781 729 946 807 Metellum,

29 814 285 878 lumiliurissimum
307 830 405 876 suum
464 811 497 877 si
520 812 597 875 nihil
620 812 702 876 aliud
722 812 782 876 nisi
805 813 844 876 de
866 815 975 889 uiui-0

30 905 83 962 tate
102 915 137 960 ao
158 898 231 982 lege
249 897 388 974 divimus,
409 896 485 960 nihil
503 897 572 960 dico
588 894 716 979 amplius
726 915 735 972 ;
758 913 850 972 oense
865 898 946 961 dicta

31 989 78 1045 est.
131 980 211 1056 Quid
243 981 324 1044 enim
353 980 460 1043 borum
491 980 653 1058 infirmari,
686 979 787 1058 Grati,
817 981 945 1063 potest?
1072 1029 1077 1042 .

31 1064 213 1127 lleraolsaene
243 1081 314 1128 esse
347 1069 409 1127 tum
442 1064 622 1145 adscriptum
651 1063 807 1146 negabis?
849 1064 947 1129 Adest

33 1148 71 1209 air
89 1167 201 1212 summa
223 1149 401 1212 undositate
427 1155 459 1211 et
483 1147 637 1233 religione
662 1155 693 1211 et
713 1145 791 1226 lide,
824 1148 858 1211 L.
881 1143 946 1212 Lu-

33 1231 149 1309 cullus,
215 1232 220 1240 '
246 1249 281 1294 se
303 1248 366 1294 non
395 1232 531 1314 opinari,
564 1231 619 1294 sed
640 1233 740 1310 seire,
771 1249 833 1296 non
857 1232 947 1295 nudi-

35 1315 113 1391 uisse,
135 1332 171 1378 so
212 1313 340 1392 vidisse,
368 1331 430 1378 non
453 1313 641 1393 interfuisse,
664 1314 720 1378 sad
742 1317 845 1398 egisse
866 1316 947 1382 dicit.

35 1396 136 1478 Adsunt
155 1398 377 1462 lleraoleenses
399 1397 509 1481 legati3
533 1398 712 1461 nobilissimi
734 1398 871 1463 homines
886 1399 947 1463 bu-

36 1479 74 1541 ius
93 1481 194 1544 iudicii
218 1499 311 1545 eausa
330 1499 401 1544 oum
425 1482 572 1545 mandatis
597 1487 627 1542 et
650 1499 717 1544 oum
745 1483 867 1563 publioo
896 1490 947 1545 te-

36 1563 162 1629 stimonio
179 1571 349 1642 venerunt,
380 1565 432 1647 qui
453 1564 534 1627 huno
556 1564 738 1646 adseriptum
759 1565 948 1628 Horeeleeu-
1078 1603 1081 1614 ·

37 1653 111 1708 sun1
142 1648 257 1712 dicunt.
302 1647 358 1711 llio
389 1654 421 1711 tu
441 1648 559 1711 tabulas
581 1647 737 1711 desideras
760 1647 948 1711 lloraoleen-

38 1730 102 1792 sium
122 1732 272 1814 publicas,
295 1749 372 1814 quas
392 1731 500 1802 ltalioo
517 1730 611 1808 bello,
641 1729 768 1795 incenso
788 1731 948 1810 tabulario,

39 1811 163 1878 interisse
182 1817 298 1880 seimus
320 1833 436 1878 omnes.
482 1814 536 1878 Est
557 1813 727 1892 ridiculum,
749 1815 788 1878 ud
809 1834 856 1894 eu,
880 1833 948 1898 que

38 1893 184 1978 labemus,
215 1899 294 1962 nihil
324 1898 445 1977 dicere,
475 1915 630 1981 querere,
662 1916 730 1980 que
750 1898 863 1962 babere
884 1917 947 1962 non

39 1995 199 2062 posmmus,
225 1989 258 2045 et
279 1981 318 2046 de
338 1981 491 2046 hominum
512 1982 657 2044 memoria
678 1987 797 2060 tueare,
827 1983 948 2046 littere·

40 2077 94 2126 mm
113 2066 288 2129 memoriam
309 2065 465 2149 llagitm,
496 2072 546 2144 et,
576 2082 667 2150 quum
688 2065 802 2130 babeas
820 2067 948 2150 amplis-

41 2145 96 2208 simi
119 2149 176 2212 uiri
203 2149 407 2232 religionem,
443 2149 631 2232 integerrimi
663 2151 819 2232 municipii
847 2151 948 2214 iusiu-

42 2229 149 2294 randum
169 2232 340 2314 fidemque,
376 2251 432 2311 ea,
470 2251 538 2315 que
560 2232 719 2314 depravari
750 2234 835 2298 nullo
857 2235 948 2299 modo

43 2321 171 2393 possunt,
203 2316 385 2398 repudiare,
421 2317 557 2394 tabulas,
586 2334 660 2398 quas
689 2316 768 2379 idem
794 2319 869 2381 diois
892 2321 949 2382 so-

43 2391 97 2457 lere
116 2401 287 2482 eorrumpi,
317 2400 502 2463 desiderare.
549 2399 621 2462 An²
642 2399 826 2464 domicilium
846 2402 978 2464 Romus

44 2492 93 2540 non
112 2481 240 2548 babuit?
276 2485 313 2562 is,
339 2483 390 2565 qui
412 2489 457 2546 tot
475 2482 562 2546 annis
586 2488 655 2545 ante
677 2484 826 2546 civitatem
851 2485 949 2548 datam

46 2560 131 2626 sedem
153 2569 286 2630 omnium
307 2584 408 2630 rerum
430 2585 466 2629 ao
483 2564 668 2630 fortunarum
697 2585 820 2632 suarum
846 2567 950 2631 Romen
1000 2573 1002 2578 “

47 2643 212 2712 collocavit?
243 2651 316 2714 Αη3
336 2666 398 2713 non
418 2657 465 2712 est
487 2649 671 2732 professus?
700 2655 791 2714 lmmo
813 2667 888 2714 vero
911 2652 950 2716 iis

47 2725 136 2792 tubulis
155 2733 327 2814 professus,
348 2750 414 2816 quae
437 2734 512 2796 solae
536 2751 575 2794 ex
598 2734 650 2796 illa
666 2733 860 2816 professione
880 2737 950 2800 ool-

48 2805 170 2896 legioque
199 2824 362 2899 praetorum
394 2817 530 2880 obtinent
560 2817 764 2898 publicarum·
780 2819 950 2884 tabularum
1039 2861 1050 2902 ,

50 2899 246 2964 auctoritatem.
286 2899 362 2963 Nam
386 2919 477 2982 quum
501 2900 593 2982 Appii
616 2901 726 2965 tubulae
744 2904 949 3000 negligentius
995 2902 1020 2974 5

50 2988 188 3046 asservata
214 2984 402 3062 dicerentur,
445 2983 582 3062 Gabinii,
617 2985 758 3066 quamdiu
790 2986 951 3050 incolumis

51 3051 107 3134 flii,
142 3065 265 3146 levitas,
300 3075 370 3150 post
401 3066 621 3130 damnationem
646 3069 801 3133 calamites
832 3088 951 3134 omnem

52 3139 195 3242 bubularum
219 3150 308 3214 fidem
335 3152 540 3234 resignasset,
570 3150 730 3231 bletellus,
762 3153 853 3216 homo
877 3173 952 3218 san-

54 3226 180 3319 dussimus
202 3234 503 3316 modestissimusque
525 3235 668 3313 omnium,
692 3243 771 3306 tenta
796 3237 954 3320 diligentia

54 3299 111 3386 lut,
130 3322 174 3410 'ut
198 3318 235 3381 ad
265 3318 298 3382 L.
327 3318 484 3381 Lentulum
514 3324 672 3398 praetorem
708 3327 738 3382 et
765 3320 803 3383 ad
834 3319 952 3382 iudices

55 3401 152 3482 renent
171 3408 201 3463 et
220 3403 309 3466 unius
337 3402 468 3464 nominis
490 3401 578 3463 libna
607 3419 642 3466 se
670 3410 851 3468 commotum
882 3421 953 3466 esse

57 3466 151 3565 duent.
190 3483 242 3548 llis
274 3486 367 3568 igitur
395 3485 505 3548 tabulis
538 3486 651 3550 nullam
678 3487 797 3551 lituram
828 3489 859 3550 in
892 3504 954 3548 no-

57 3561 139 3619 nune⁴
160 3563 194 3630 Α.
217 3568 325 3634 lisinii
350 3569 467 3633 videtis.
499 3567 588 3642 ¹Qun
612 3588 704 3653 quum
726 3571 767 3636 itu
790 3572 860 3650 sint,
882 3569 954 3652 quid
969 3599 1002 3647 10

61 3675 260 3716 κ·
974 3695 977 3701 .

89 3758 348 3893 ζοὶξιοηώοοιιιοιη-
404 3743 496 3841 Ἐπί,
518 3803 550 3816 ·-
568 3777 610 3830 lit.
668 3773 732 3834 ⁸8.
756 3805 788 3822 -ψ
809 3789 842 3834 at.
896 3781 957 3835 ⁴in
