2546 4310
623 153 860 209 cusulo

277 323 376 392 llatam
398 328 503 408 putant
521 327 665 406 oportere
684 321 823 402 deiendi3
857 321 1024 389 defendero
1046 326 1107 410 ipsi
1126 346 1212 412 pro-

233 431 238 440 ’
277 407 842 574 tlttrlllltl,luttoldi
859 407 1069 556 lelund
1087 411 1214 559 ind

249 511 518 653 aauten’idlc'ircffi,
540 575 610 656 quia
634 575 803 657 periculum
826 511 953 638 vitanlll.
1003 541 1082 650 er'id
1102 577 1213 662 ergo?

277 660 496 725 audacissimus
518 675 578 740 ego
601 676 641 724 cx
662 658 827 721 omnibus?
850 659 983 721 Minime.
1029 660 1105 724 An²
1124 668 1214 726 tanto

277 743 445 808 officiosior
466 759 554 823 quam
576 741 696 806 ceteri?
730 741 777 804 Ne
796 742 887 806 istius
909 742 1032 824 quidem
1048 743 1148 808 laudis
1170 747 1214 808 ita

250 843 345 893 ‘sum
366 824 511 907 cupidus,
546 830 578 888 ut
603 826 671 888 aliis
693 843 760 888 eam
783 833 963 908 praereptam
984 826 1086 890 velim.
1134 828 1214 902 Quo

276 927 327 974 me
348 910 441 992 igitur
462 927 514 972 res
532 914 642 992 praeter
660 914 781 972 ceteros
798 909 927 992 impulit,
948 915 981 972 ut
997 928 1120 974 causam
1137 911 1212 976 Sex,

276 991 380 1058 Roscii
404 991 602 1076 reciperem?
649 992 746 1070 Quia,
777 993 894 1074 siquis
918 993 1047 1056 istorum
1070 995 1214 1073 dixisset,

279 1090 356 1160 quos
375 1075 484 1140 videtis
509 1075 629 1154 adesse,
650 1076 682 1138 in
704 1075 813 1158 quibus
837 1095 953 1140 sunrma
974 1079 1142 1142 auctoritas
1166 1084 1214 1142 est

278 1168 370 1244 atquc
393 1159 578 1243 amplitudo,
610 1159 638 1222 si
666 1159 793 1222 verbum
811 1157 850 1222 de
870 1178 905 1223 re
927 1159 1051 1243 publica
1072 1160 1212 1241 lecisset,

276 1239 309 1308 id
332 1243 413 1326 quod
432 1244 464 1306 in
486 1243 544 1305 hac
568 1260 664 1308 causa
682 1241 752 1305 fieri
774 1260 904 1308 necesse
924 1251 979 1322 est,
1001 1245 1096 1308 multo
1120 1246 1213 1329 plura

249 1327 407 1404 adinisse,
428 1345 519 1410 quarn
533 1326 669 1403 dixisset,
690 1331 862 1409 putaretur3
884 1344 945 1410 ego
963 1327 1081 1391 etiamsi
1096 1329 1212 1408 omnia,

319 1427 345 1474 a
367 1407 494 1474 dicenda
515 1415 603 1488 sunt,
635 1409 732 1472 libere
754 1409 874 1489 dixero,
897 1429 1087 1493 nequaquam
1110 1418 1213 1476 tamen

276 1493 416 1560 smiliter
438 1493 534 1558 oratio
556 1511 624 1557 mea
645 1493 732 1556 exire
754 1499 844 1576 atque
865 1494 898 1558 in
927 1495 1038 1578 vulgus
1065 1513 1211 1560 emanare

276 1578 390 1664 poterit
396 1597 407 1656 ;
446 1577 556 1642 deiude
592 1576 674 1661 quod
699 1582 871 1640 ceterorum
891 1595 992 1660 neque
1014 1577 1127 1642 dictum
1150 1580 1211 1642 olr-

263 1676 399 1728 ,scurum
423 1667 525 1746 potest
554 1679 625 1725 esse
654 1666 781 1744 propter
803 1661 990 1725 nobilitatem
1011 1669 1043 1724 et
1063 1663 1212 1746 amplitu-

277 1745 400 1830 dinem,
432 1762 533 1827 neque
554 1750 669 1807 temere
694 1744 774 1807 dicto
796 1745 925 1809 concedi
945 1753 1074 1828 propter
1093 1753 1213 1810 aetatem

276 1833 308 1894 et
330 1826 538 1912 prudentiam3
560 1845 621 1911 ego
634 1827 671 1892 ‘si
695 1828 768 1912 quid
789 1828 917 1894 liberius
940 1828 1059 1909 dixero,
1080 1831 1132 1894 vel
1154 1849 1212 1894 oc-

276 1911 390 1978 cultum
416 1928 497 1992 esse,
523 1917 686 1996 propterea
708 1913 790 1996 quod
809 1913 943 1976 nondum
964 1912 1085 1976 adrem
1104 1914 1211 1998 publi·
1270 1908 1271 1925 ¹

275 2013 343 2060 cam
367 1993 495 2074 accessi,
516 1995 569 2060 vei
589 1997 709 2080 ignosci
735 1995 964 2060 adolescentiae³
981 1998 1110 2080 poterit,
1130 2005 1211 2062 tam-

276 2077 336 2144 etsi
359 2096 422 2142 uon
446 2079 537 2144 modo
560 2079 741 2164 ignoscendi
765 2082 863 2160 ratio,
900 2098 1006 2144 verum
1035 2082 1128 2145 etiam
1153 2097 1210 2144 co-
1270 2123 1271 2136 η

321 2161 448 2226 oscendi
481 2163 669 2228 consuetudo
699 2165 759 2228 iam
789 2165 827 2228 de
857 2163 979 2228 civitate
1004 2165 1124 2230 mrblota
1156 2169 1210 2230 est.
1255 2171 1263 2186 ·

247 2254 266 2310 4
305 2244 404 2310 coedit
425 2245 478 2310 illa
501 2264 625 2331 quoque
646 2265 758 2328 causa,
791 2245 873 2332 quod
902 2267 921 2312 a
949 2249 1060 2314 ceteris
1080 2249 1210 2314 forsitan
1270 2301 1271 2314 ,

276 2329 319 2394 ita
340 2330 466 2414 petitum
486 2332 536 2410 sit,
557 2337 591 2394 ut
614 2330 759 2412 dicerent,
780 2339 813 2395 ut
834 2332 981 2396 utrumvis
1000 2332 1087 2396 salvo
1104 2333 1209 2397 cilicio
1271 2367 1272 2381 κ

275 2409 380 2478 iacere
398 2414 451 2478 se⁴
471 2431 566 2500 posse
586 2413 821 2492 arbitrarentur3
846 2435 865 2479 a
886 2435 937 2479 me
961 2421 1060 2480 autem
1083 2415 1105 2480 ii
1129 2435 1210 2480 con·
1270 2445 1271 2466 r

165 2509 169 2520 '
276 2498 454 2578 tenderunt,
492 2499 545 2582 qui
569 2498 648 2582 apud
669 2516 719 2563 me
740 2506 770 2564 et
794 2500 924 2564 amicitia
948 2501 979 2563 et
998 2499 1160 2566 beneficiis
1179 2503 1209 2562 et

276 2579 421 2728 dignitate
436 2582 598 2666 plurimum
614 2591 753 2667 possunt,
774 2602 902 2668 quorum
916 2599 975 2666 ego
992 2601 1093 2667 neque
1107 2584 1209 2649 bene-
1269 2627 1270 2630 ,

277 2682 316 2729 vo
330 2665 440 2731 entiam
461 2685 496 2730 er
520 2685 537 2730 a
558 2683 607 2729 me
628 2665 772 2750 ignorare
794 2685 853 2731 nec
869 2668 1078 2734 auctoritatem
1096 2685 1207 2752 asper-

207 2743 345 2820 2snari
374 2767 433 2813 nec
464 2687 647 2814 voluntatem
682 2751 844 2836 negligere
880 2751 1017 2815 debeam.
1080 2749 1137 2815 llis
1171 2750 1208 2816 de

277 2832 378 2896 causis
402 2851 463 2932 ego
484 2833 556 2896 huic
574 2851 673 2898 cause
694 2842 843 2917 patronus
864 2835 974 2913 exstiti,
1007 2851 1070 2898 non
1091 2834 1209 2898 electus

276 2933 367 2995 unus,
388 2935 441 2998 qur
463 2917 593 2981 maximo
616 2917 754 3002 ingenio,
775 2919 831 2984 sed
848 2913 972 2982 relictus
996 2937 1036 2981 ex
1057 2919 1208 2995 omnibus

320 2998 327 3013 '
352 2999 477 3064 minimo
500 3001 638 3083 periculo
661 3020 785 3085 possem
808 3003 922 3082 dicere,
945 3020 1048 3086 neque
1067 3003 1111 3068 uti
1132 3001 1207 3067 satis

275 3017 363 3148 ffip,
384 3084 528 3166 praesidio
549 3084 693 3151 defensus
715 3086 786 3152 Sex.
807 3085 947 3165 Roscius,
974 3104 1080 3150 verum
1101 3087 1149 3150 uti
1169 3101 1207 3149 no

282 3166 406 3252 omninp
431 3167 569 3232 desertus
591 3175 682 3233 esset
726 3169 864 3234 Forsitan
884 3170 1043 3254 querulis,
1073 3171 1125 3253 qui
1148 3170 1207 3234 istc

280 3257 382 3315 terror
403 3251 444 3316 sit
466 3257 497 3315 et
519 3269 586 3335 qne
606 3259 686 3318 tanta
707 3253 857 3333 formido,
893 3269 960 3337 que
988 3259 1035 3318 tot
1066 3273 1103 3317 uc
1129 3255 1207 3317 tales

279 3335 365 3401 viros
385 3334 539 3420 impediat,
563 3355 623 3420 quo
646 3339 744 3402 minus
764 3355 821 3422 pro
841 3339 939 3420 capite
959 3343 990 3400 et
1006 3335 1138 3402 fortunis
1160 3337 1206 3400 al-

279 3419 394 3500 terius,
438 3420 688 3503 quemadmodum
718 3428 918 3502 consuenmt,
956 3437 1079 3486 causam
1112 3421 1207 3485 velint

281 3501 395 3567 dicere.
442 3503 532 3579 Quod
561 3505 660 3570 adhuc
687 3524 744 3572 vos
768 3508 913 3592 ignorare
933 3522 996 3570 non
1016 3506 1125 3570 mirum
1150 3508 1206 3580 est,

279 3593 443 3670 propterea
464 3587 547 3672 quod
569 3588 710 3658 consulto
731 3589 769 3656 ab
800 3589 1028 3656 accusatoribus
1053 3591 1122 3656 eius
1148 3587 1205 3665 rei,
1265 3613 1266 3616 ¹

318 3720 479 3846 *metuupt
540 3721 608 3776 'at
666 3723 887 3804 “adolescentie
905 3738 981 3780 mea·-
1009 3719 1050 3785 0⁴
1072 3720 1129 3775 edd.
1145 3726 1201 3774 cett.

348 3817 380 3827 -
399 3805 429 3844 se
459 3807 545 3845 acero.
