2468 4318
222 186 766 287 nnor.anu10urnonn.
906 231 957 286 rsa

49 406 89 466 cta
120 385 222 465 ciuitas
254 417 321 463 eam
354 400 474 464 landem
503 419 560 488 pro
592 419 648 466 sua
676 402 872 468 vindicaret?
918 405 1003 476 Atao
1021 391 1070 465 15
1175 478 1181 490 Ι

49 485 203 568 quoderat
226 484 370 567 tempus?
407 484 599 549 Clarissimus
623 494 653 549 et
674 486 857 552 fortissimus
879 506 958 552 con-

47 569 104 646 sul,
133 569 270 632 inimicus
302 566 429 646 Clodio,
459 569 491 631 P.
524 569 687 647 Lentulus,
720 571 800 633 ultor
830 573 958 636 sceleris

47 653 132 730 illius,
152 658 361 735 propugnator
382 659 523 732 sanatus,
546 653 691 716 defensor
715 660 824 717 vestrae
847 655 958 718 volun-

46 737 120 812 tatis,
144 743 289 816 patronus
310 735 448 816 publici1
474 753 659 815 consensus,
680 740 834 800 restitutor
853 740 958 802 salutis

47 837 128 893 meae3
169 826 284 900 septem
306 826 472 900 praetores,
506 825 574 883 octo
596 822 707 882 tribuni
728 822 842 902 plebis,
876 823 958 885 illius

47 902 208 980 adversarii,
230 901 410 965 defensores
431 905 509 980 mei;
535 902 589 965 Cn.
611 904 782 986 Pompeius,
804 913 907 968 auctor
929 911 959 968 et
1018 917 1025 928 ⁴

47 984 98 1066 dni
114 987 171 1047 mei
191 985 326 1063 reditus,
352 986 433 1048 illius
455 986 570 1064 hostis,
592 988 685 1064 cuius,
702 991 878 1051 sententiam
903 1007 958 1052 se-

46 1073 122 1130 natus
143 1070 239 1132 omnis
266 1069 304 1131 de
327 1069 423 1132 salute
444 1088 511 1131 mea
532 1071 794 1153 gravissimam'et
824 1073 959 1136 ornatis·
999 1107 1004 1118 ·

47 1151 138 1214 simam
161 1158 284 1216 secutus
308 1161 373 1228 est,
407 1153 457 1234 qui
477 1154 622 1234 populum
641 1153 807 1230 Romanum
832 1163 878 1218 est
901 1174 958 1218 co-

46 1232 184 1313 hortatus,
222 1237 292 1317 qui,
326 1253 416 1318 quum
439 1235 591 1299 decretum
614 1239 652 1300 de
675 1256 724 1299 me
745 1236 855 1321 Capuae
875 1237 958 1315 lecit,

46 1317 104 1397 ipse
126 1326 239 1381 cunctae
262 1319 354 1382 ltaliae
378 1321 510 1401 cupienti
533 1326 562 1382 et
590 1323 655 1385 eius
677 1321 766 1385 fidem
788 1323 959 1404 imploranti
1074 1347 1076 1356 ’

47 1401 152 1483 signnm
177 1402 277 1482 dedit,
308 1409 340 1465 ut
364 1395 402 1465 ad
424 1421 472 1464 me
494 1405 708 1467 restituendum
729 1404 853 1469 Romam
879 1424 959 1469 con-

46 1491 207 1561 currereit3
252 1494 276 1562 *Γ
304 1487 402 1549 omnia
433 1492 495 1548 tum
531 1488 687 1571 denique²
722 1490 752 1550 in
783 1486 866 1553 illum
888 1489 959 1553 odia

46 1567 142 1630 civium
166 1570 312 1633 ardebant
333 1568 485 1632 desiderio
505 1573 582 1646 mei3
607 1590 696 1652 quem
712 1573 763 1651 qui
779 1578 840 1634 tum
859 1573 961 1635 inter-
1049 1628 1053 1636 ,

46 1652 173 1729 emisset,
207 1671 271 1716 non
300 1652 338 1715 de
367 1654 542 1733 impunitate
563 1655 647 1730 eius,
680 1656 735 1717 sed
765 1655 802 1716 de
864 1655 959 1718 aemiis

47 1736 229 1816 cogitaretur.
277 1736 442 1799 'lamense
463 1736 536 1799 Milo
558 1739 705 1800 continuit
728 1745 758 1800 et
771 1738 802 1799 P.
847 1737 1006 1802 lodiumso

46 1814 226 1882 iniudicium
253 1820 318 1898 bis,
353 1820 390 1884 ad
413 1819 473 1881 vim
497 1838 657 1902 numquam
680 1823 806 1884 vocavit.
855 1821 959 1894 Ouid?

46 1899 150 1979 privato
179 1903 294 1966 Milone
325 1910 355 1966 et
381 1919 437 1965 reo
469 1903 506 1966 ad
539 1906 703 1987 populum,
747 1911 905 1967 accusante
926 1904 960 1969 P.

48 1980 162 2063 Clodio,
194 2005 286 2069 quum
309 1987 339 2051 in
362 1985 417 2050 Cn.
440 1987 614 2070 Pompeium
636 2007 691 2072 pro
714 1989 825 2051 Milone
851 1989 960 2050 dieen-

46 2069 97 2127 tem
117 2070 243 2151 impetus
263 2070 360 2133 factus
384 2075 438 2148 est,
463 2089 529 2152 quae
554 2079 615 2134 tum
635 2071 807 2149 commodo
827 2072 960 2150 occasio,
1011 2103 1016 2112 ·

47 2150 199 2216 sedetiam
222 2173 315 2216 causa
342 2154 423 2216 illius
446 2155 634 2236 opprimendi
656 2155 737 2220 suit?
761 2155 865 2238 Nuper
886 2172 960 2218 vero

48 2249 126 2312 quum
146 2237 184 2299 Μ.
209 2237 360 2300 Antonius
382 2241 632 2321 summam'spem
654 2241 757 2304 salutis
779 2240 867 2302 bonis
890 2253 965 2318 om-‘

46 2315 124 2379 nibus
146 2321 307 2396 attulisset,
338 2322 607 2403 gravissimamque
629 2322 807 2385 adolescens
829 2323 960 2386 nobilis-

47 2399 129 2464 simus
152 2406 197 2466 rei
221 2404 350 2487 publicae
371 2411 486 2486 partem
507 2404 671 2468 fortissime
694 2406 888 2487 suscepisset,
912 2413 961 2467 at-

48 2499 98 2560 que
120 2487 199 2550 illam
223 2488 360 2566 beluam,
384 2487 486 2549 iudicii
511 2488 636 2569 laqueos
658 2489 873 2566 declinantem,
901 2489 960 2550 iam

47 2563 180 2632 imetitam
204 2578 332 2648 teneret,
357 2571 409 2653 qui
434 2571 530 2647 locuS,
562 2573 644 2652 quod
667 2579 784 2653 tempus
805 2570 889 2648 illud,
918 2571 960 2634 dii

46 2646 231 2728 immortales,
254 2655 334 2716 luit?
367 2655 463 2728 Quum
485 2674 520 2717 se
542 2655 592 2716 ille
617 2655 738 2739 lugiens
760 2656 790 2716 in
811 2655 962 2718 scalarum
1032 2735 1036 2740 η

47 2735 176 2800 tenebras
202 2739 382 2816 abdidisset,
418 2757 559 2822 magnum
587 2739 692 2801 Miloni
724 2738 780 2801 luit
810 2738 961 2800 conficere

48 2813 120 2879 illam
140 2827 255 2903 pestem
278 2823 359 2885 nulla
380 2841 435 2884 sua
453 2822 575 2900 invidia,
596 2822 721 2885 Antonii
742 2840 815 2885 vero
832 2823 961 2884 maxima

47 2898 146 3040 picria.
195 2906 300 2978 Quid?
343 2906 470 2967 comitiis
502 2907 533 2967 in
555 2924 661 2986 campo
684 2907 802 2987 quoties
826 2911 960 2988 potestas
971 2919 1005 2970 41

60 2983 105 3061 ult,
129 3007 219 3068 quum
242 2990 293 3051 ille
318 2990 348 3051 ln
371 2996 463 3070 saepta
485 2989 653 3070 irrupisset,
684 2989 803 3071 gladios
827 2989 961 3052 destrin-

48 3068 173 3146 gendos,
208 3073 323 3154 lapides
358 3071 513 3134 iaciendos
541 3073 723 3149 curavisset,
756 3072 826 3134 dein
850 3074 960 3150 subito,

49 3150 122 3214 vultu
146 3155 267 3218 Milonis
291 3156 485 3238 perterritus,
519 3155 640 3238 lugeret
666 3156 701 3217 ad
726 3155 875 3233 Tiberim,
904 3172 960 3217 vos

49 3237 76 3291 el
96 3252 198 3300 omnes
219 3240 291 3304 boni
312 3246 381 3303 vota
406 3238 567 3320 faceretis,
601 3247 635 3301 nt
658 3239 763 3303 Miloni
787 3241 829 3302 nti
853 3241 961 3301 virtute

49 3329 98 3379 sna
121 3321 252 3386 liberet?
532 3342 535 3350 ·
753 3357 755 3361 ,

131 3405 225 3478 Quem
250 3406 344 3490 igitur
367 3424 434 3469 cum
457 3407 589 3468 omnium
608 3409 707 3492 gratia
734 3408 849 3486 noluit,
881 3405 962 3468 hunc
1015 3455 1020 3460 .

48 3481 134 3547 voluit
154 3508 220 3552 cum
244 3492 411 3572 aliquorum
440 3492 590 3572 querela?
633 3511 721 3574 quem
754 3493 839 3569 iure,
873 3508 962 3572 quem

50 3560 129 3648 loco,
157 3590 246 3654 quem
267 3581 422 3658 tempore,
454 3592 543 3656 quem
567 3577 691 3659 impune
711 3581 837 3638 nonest
858 3591 961 3652 ausus,

43 3776 45 3784 ¹
82 3761 174 3844 simul
193 3773 300 3840 publicu
340 3773 354 3806 ²
373 3774 402 3827 F.
422 3743 626 3840 (coctiliciam.)
649 3775 764 3827 omniurn
782 3773 905 3852 denique.
926 3799 960 3811 -
986 3795 995 3810 =

50 3851 132 3918 Μ
147 3857 213 3896 corr.
230 3852 299 3896 nota.
376 3851 382 3858 ‘
