2468 4318
290 188 344 240 lto
637 185 874 246 canuto

287 356 417 422 insidiis
444 355 519 420 iecit
544 355 677 422 ιιιιοιιιι
720 358 818 422 Fecit·
858 356 948 422 Certa
975 374 1058 422 crux.
1100 357 1186 424 llullas

288 441 370 504 lecit
414 441 540 523 Sparata
570 441 703 504 libertas
750 440 828 515 Quid
856 441 914 504 hac
943 443 1105 524 qnaestionc
1131 461 1188 506 cer-

288 526 374 588 tius?
422 526 528 590 Subito
550 524 737 606 abrepti²
727 545 759 588 ιιι
780 528 973 623 quaestiqnem
994 533 1091 589 ιιιιιιιι
1113 545 1188 609 sepa·

287 616 392 674 tantm
414 609 560 671 aceteris
588 611 655 670 et
645 629 678 672 nr
706 627 792 672 meas
821 610 1034 688 coniiciuntur,
1070 627 1108 672 ne
1135 612 1188 692 quis

288 712 356 756 cum
389 695 428 756 iis
463 692 598 773 colloqui
639 695 744 773 possit
803 691 839 754 lli
868 700 989 755 centrum
1016 693 1083 756 dies
1112 709 1188 775 penes

286 783 494 840 accusatorem
517 793 608 857 quum
631 775 778 854 luissent,
812 776 848 838 ab
872 794 910 838 eo
934 779 1002 858 ipso
1032 785 1188 840 accusatore

9 927 10 930 ,
285 860 426 942 producti
444 865 524 922 sunt
567 859 646 932 Ouid
663 859 721 922 lrac
742 821 909 940 quastione
929 860 990 922 dici
1010 866 1112 942 potest
1125 861 1188 923 inte·

9 975 11 1036 q
198 961 202 972 ’
286 944 395 1026 grins?
426 942 498 1024 quid
520 943 749 1024 incorruptius?

9 1045 10 1114 q
173 1030 223 1104 23
240 1058 275 1110 σι
361 1027 511 1101 Quodsi
534 1027 666 1089 nondum
687 1029 760 1089 satis
782 1021 920 1100 cernitis,
952 1039 1045 1108 quum
1066 1029 1116 1088 r'es
1137 1025 1162 1106 ip
1164 1041 1188 1086 sa

9 1117 10 1122 ’
286 1116 332 1173 tot
360 1117 421 1173 tam
449 1109 539 1171 claris
572 1113 756 1192 argumentis
787 1111 944 1192 signisque
974 1109 1093 1186 luceat,
1130 1126 1188 1190 pura

285 1200 386 1256 mente
407 1200 496 1274 atque
519 1193 638 1274 integra
658 1193 820 1270 Milonem,
854 1193 937 1256 nullo
965 1193 1086 1256 scelere
1107 1193 1189 1254 ιιιιιιι-

285 1284 357 1352 tum,
382 1276 465 1339 nullo
488 1281 569 1337 metu
590 1279 791 1358 perterritum,
821 1277 904 1338 nulla
926 1277 1111 1339 conscientia
1129 1293 1189 1337 exa-

283 1362 426 1423 nimatum
449 1359 573 1420 Romam
595 1363 775 1436 revertisse,
802 1359 1020 1437 recordamini,
1056 1378 1113 1456 per
1131 1359 1188 1421 deos

283 1441 488 1506 immortales!
518 1461 600 1588 fquae
625 1443 716 1506 luerit
739 1444 879 1506 celeritas
900 1443 1013 1506 reditus
1036 1445 1122 1520 eius,
1151 1441 1188 1586 qui

283 1528 461 1626 ingressus
465 1526 533 1588 in’l
532 1545 636 1604 orum,
668 1527 792 1592 ardente
813 1528 915 1604 curia,
943 1543 1010 1610 quae
1032 1489 1188 1610 magnitudo

282 1613 385 1689 animi,
411 1612 462 1691 qui
484 1611 592 1686 vultus,
617 1628 684 1691 quae
708 1612 815 1673 oratio.
861 1609 967 1707 Neque
990 1627 1068 1673 uero
1091 1629 1124 1672 se
1143 1625 1189 1690 po-

281 1696 356 1776 pulo
378 1693 493 1772 solum,
516 1693 572 1756 sed
597 1695 685 1755 etiam
704 1695 821 1757 senatui
843 1695 1006 1770 commisit,
1028 1711 1129 1774 neque
1148 1709 1189 1754 se·

281 1778 365 1840 natui
397 1777 508 1852 ιιιιιιιιι,
540 1777 596 1839 sed
618 1779 706 1840 ctiam
728 1776 857 1858 publicis
880 1777 1029 1858 praesidiis
1053 1784 1086 1838 et
1106 1776 1188 1848 armis,

281 1877 384 1941 neque
405 1859 452 1920 his
476 1866 607 1938 tanturn,
639 1879 743 1924 rerum
767 1862 856 1924 etiam
878 1861 943 1923 eius
966 1861 1125 1941 potestati,
1152 1857 1189 1920 cui

281 1950 405 2005 senatus
426 1949 517 2006 totam
539 1944 793 2026 rempublicam,
826 1962 945 2007 omnem
972 1943 1066 2006 ltaliae
1086 1943 1188 2026 pubem,

281 2032 388 2089 cuncta
412 2027 518 2108 populi
539 2027 664 2090 Romani
687 2046 769 2089 arma
790 2030 998 2105 commiserat,
1035 2029 1087 2090 cui
1115 2045 1188 2089 num-

281 2125 370 2189 quam
395 2127 429 2170 se
453 2109 503 2172 hic
530 2110 668 2192 prolecto
700 2111 889 2188 tradidisset,
927 2111 985 2172 nisi
1014 2129 1115 2174 causae
1140 2123 1187 2172 sue

243 2191 462 2267 co,nluleret
486 2197 652 2274 praesertim
670 2194 769 2256 omnia
791 2195 941 2270 audienti,
973 2213 1084 2276 magna
1106 2199 1188 2256 metu-

280 2275 360 2370 enti,
396 2275 488 2338 multa
515 2279 697 2357 suspicanti,
731 2269 876 2340 nonnulla
904 2278 1048 2375 credenti
1097 2277 1187 2358 llagm

280 2357 326 2420 vis
349 2365 395 2420 est
419 2361 629 2437 conscientie,
654 2361 787 2438 iudices,
811 2368 841 2422 et
865 2379 973 2442 magna
993 2362 1023 2423 ιιι
1031 2339 1187 2440 utramque

277 2448 405 2524 partem,
427 2449 459 2505 ut
479 2462 579 2524 neque
601 2445 733 2520 timeant,
756 2447 808 2525 qui
833 2445 907 2506 nihil
929 2445 1141 2541 commiserint,
1166 2445 1187 2501 el

277 2543 408 2606 poenam
425 2544 546 2608 semper
567 2534 635 2588 ante
659 2528 765 2589 oculos
784 2530 902 2590 versari
920 2533 1035 2608 putent,
1059 2529 1111 2609 qui
1125 2541 1187 2606 pec-

232 2610 383 2672 secarunt
430 2609 536 2692 Neque
560 2628 634 2673 vero
657 2612 724 2673 sinc
753 2612 870 2673 ratione
893 2617 974 2673 certa
996 2629 1090 2673 causa
1110 2609 1187 2672 lllilo·

240 2692 326 2753 nis
349 2711 470 2789 semper
503 2713 520 2755 a
547 2699 652 2756 senatu
680 2694 805 2775 probata
837 2701 891 2756 est.
943 2693 1094 2757 Videbant
1121 2691 1186 2754 enin

277 2775 493 2873 sapientissimi
527 2776 665 2840 homines
699 2776 770 2839 lacti
805 2780 969 2854 rationem,
1011 2776 1186 2869 presentiam

276 2859 378 2934 animi,
404 2858 590 2922 defensionis
608 2863 813 2924 constantiam.
856 2861 904 2922 An
922 2878 996 2924 vero
1016 2861 1100 2922 obliti
1117 2857 1185 2931 estis,

275 2940 401 3017 iudices,
418 2945 533 3005 recenti
549 2943 602 3005 illo
621 2946 724 3006 nuntio
742 2947 826 3007 necis
845 2943 1007 3041 Clqdianae,
1028 2962 1091 3006 non
1108 2939 1185 3004 modo

274 3022 465 3086 inimicorum
484 3027 604 3089 Milonis
619 3045 777 3090 sermones
799 3035 829 3090 et
850 3029 1020 3108 opiniones,
1041 3026 1096 3089 sed
1117 3041 1186 3087 non-

273 3105 425 3192 nullorum
444 3109 531 3170 etiam
556 3112 787 3192 imperitorum?
812 3107 978 3206 Negabunt
992 3128 1060 3172 eum
1075 3109 1185 3172 Romam

227 3207 262 3258 co
275 3208 344 3252 esse
375 3189 549 3254 rediturum.
617 3194 687 3257 Sive
718 3196 798 3256 euim
828 3195 900 3257 illud
931 3194 1030 3256 animo
1057 3194 1131 3254 irato
1158 3204 1185 3249 ao

272 3273 389 3356 percito
418 3273 560 3353 lecisset,
593 3285 626 3340 ut
652 3280 793 3341 incensus
818 3277 888 3340 odio
911 3277 1100 3340 trucidaret'
1092 3272 1185 3338 mimi-

273 3375 350 3433 cum,
372 3323 601 3437 arbitrabantur,
623 3380 691 3423 eum
714 3363 786 3423 tanti
808 3359 989 3424 mortemP.
1013 3359 1110 3422 Clodii
1132 3373 1184 3452 pu·

271 3445 363 3515 tasse,
384 3447 416 3503 ut
436 3459 522 3521 aquo
545 3447 642 3506 animo
665 3446 762 3527 patria
784 3451 912 3522 careret,
935 3462 1026 3525 quum
1048 3440 1184 3524 sanguiue

271 3519 385 3584 inimici
401 3525 556 3604 explesset
572 3528 673 3591 odium
691 3547 789 3607 suum,
813 3529 878 3592 sive
894 3529 981 3590 etiam
999 3527 1078 3590 illius
1096 3527 1183 3586 morto

270 3608 397 3685 patriam
420 3607 550 3704 liberare
572 3611 738 3694 voluisset,
770 3629 834 3678 non
862 3611 1063 3678 dubitaturum
1085 3605 1182 3674 sortem

273 3775 276 3782 ’
311 3781 320 3814 ¹
341 3789 444 3854 arrepti.
