2546 4310
290 241 326 292 8⁰
628 234 864 292 otiante

289 409 438 489 nuntiare,
457 409 549 494 quod,
568 408 594 472 si
610 409 790 474 nullumiorn
801 413 871 472 ante
888 409 1057 474 consilium
1074 409 1119 474 de
1131 414 1214 472 merto
1246 408 1247 500 l

290 511 326 556 eo
346 493 385 558 de
403 495 491 558 bouis
507 495 573 556 eius
592 494 715 571 inieras,
734 493 906 574 nullamque
925 497 1113 558 societatem
1131 509 1215 574 neque
1247 503 1248 596 p

290 577 419 642 sceleris
442 595 540 658 neque
562 577 677 657 praemii
700 595 767 640 eum
791 576 913 639 homine
934 578 996 640 ullo
1020 579 1160 654 celeras,
1188 574 1217 636 al

289 668 320 724 te
345 662 466 726 minime
497 661 627 724 omnium
649 660 845 742 pertinebat?
889 661 949 725 Sua
973 669 1092 744 sponte
1112 660 1217 723 Mallius

290 747 412 808 nuntiat.
463 743 559 820 Quid,
589 761 705 824 quaese,
739 745 805 828 eius
827 745 996 807 intererat?
1041 747 1109 822 Au,
1142 759 1217 824 quun

289 828 442 890 Ameriam
464 845 525 890 nen
549 827 675 890 huiusce
696 829 743 890 rei
764 845 856 890 causa
880 831 1025 905 venisset,
1055 825 1217 892 casuaoei-

290 911 343 986 dit,
365 917 397 973 ut
417 912 459 990 id,
488 911 570 992 quod
593 911 694 973 llornae
727 909 872 988 audierat,
904 913 1018 994 primus
1048 905 1218 974 nuntiaret?

260 1047 263 1063 .
291 993 386 1058 Cuius
404 995 450 1057 rei
469 1013 560 1058 eausa
578 1001 704 1056 venerat
721 994 900 1057 Ameriam?
924 995 993 1058 Non
1009 1013 1158 1077 possum,
1179 992 1218 1052 in-

291 1079 365 1162 quit,
395 1079 538 1142 divinare.
584 1078 628 1140 Eo
658 1097 721 1140 rem
751 1079 810 1139 iarn
842 1079 996 1155 adducam,
1021 1086 1059 1140 ut
1084 1077 1162 1140 nihil
1181 1073 1219 1135 ‹li-

289 1163 443 1226 vinatione
473 1181 549 1243 opus
581 1163 628 1223 sit.
689 1161 754 1234 Oua
790 1163 908 1225 ratione
936 1162 1052 1225 Roscio
1089 1154 1218 1242 Capitoni

290 1247 418 1328 primurn
440 1244 611 1310 nuntiavit?
662 1245 758 1319 Quum
775 1243 907 1308 Ameriae
932 1245 1003 1308 Sex.
1027 1247 1142 1308 Roscii
1171 1241 1218 1302 do

290 1347 367 1406 mus,
405 1347 485 1393 uxor
520 1329 668 1410 liberique
699 1335 818 1406 essent,
858 1349 948 1412 quurn
978 1334 1022 1392 tot
1061 1319 1217 1412 propinqui

293 1413 476 1495 negantique
497 1414 608 1495 optime
637 1414 864 1490 convenientes,
897 1425 955 1494 qua
974 1415 1102 1475 ratione
1120 1411 1217 1472 lactum

291 1503 349 1573 cst,
380 1500 412 1558 ut
438 1487 495 1560 isle
529 1503 597 1558 tuus
637 1496 742 1573 eliens,
783 1497 910 1559 sceleris
943 1497 986 1558 tui
1016 1497 1168 1569 nuntius,
1193 1486 1217 1548 T·

245 1575 401 1643 9illeseie
426 1581 566 1664 Capitoni
589 1581 776 1661 potissimum
800 1579 977 1642 nuntiaret?
1023 1579 1162 1642 Oceicus
1181 1575 1217 1633 est

292 1683 309 1728 a
340 1681 439 1728 coena
473 1663 603 1728 rediens.
659 1662 798 1727 Nondum
817 1663 947 1743 lucebat,
976 1679 1072 1744 wem
1096 1657 1216 1725 Ameria

292 1749 399 1812 scitum
422 1753 478 1810 est.
527 1747 604 1820 Quid
634 1747 684 1807 lric
710 1746 896 1812 incredibilis
919 1766 1037 1824 cursus,
1063 1745 1141 1829 quid
1163 1743 1214 1802 liet

290 1837 371 1895 tanta
395 1832 535 1894 celeritas
558 1829 770 1910 festinatioque
802 1831 975 1911 signifieat?
1005 1831 1077 1893 Non
1112 1837 1215 1910 quart),

291 1918 359 1997 quis
382 1915 574 1996 percusserit
628 1911 709 1975 llilril
740 1920 795 1990 est,
826 1913 959 1994 Glaucia,
982 1914 1066 1996 qued
1092 1916 1214 1976 melnae·

290 2017 352 2064 non
376 1997 496 2061 excutio
523 2003 573 2074 te,
604 1997 629 2058 si
655 1996 727 2078 quid
758 1996 837 2059 ferte
864 1999 939 2061 lerri
968 1997 1124 2071 habuisti;
1163 2004 1212 2052 non

261 2155 262 2162 ἵ
290 2089 439 2157 scruter3=
459 2081 532 2142 nihil
565 2079 602 2142 ad
623 2099 672 2142 me
695 2080 826 2143 arbitrer
850 2085 1012 2165 pertinere.
1062 2077 1213 2166 Quoniam>
1247 2069 1255 2158 l

290 2166 377 2228 euius
408 2165 537 2227 consilio
569 2165 688 2226 eccisus
718 2166 765 2238 sit,
796 2165 928 2244 invenie,
955 2168 1040 2229 cuius
1071 2179 1165 2227 mann
1182 2159 1212 2217 srt
1246 2163 1255 2230 'l

290 2267 464 2332 percussus,
486 2263 547 2310 non
569 2248 684 2310 laboro.
732 2247 829 2310 Unum
851 2250 911 2312 hee
932 2267 1029 2327 sumo,
1050 2246 1136 2332 quod
1152 2235 1212 2330 milri
1254 2241 1255 2288 l

292 2339 427 2414 apertum
460 2338 542 2394 tuum
575 2332 676 2394 scelus
707 2349 820 2412 resque
862 2333 1022 2396 manifesta
1054 2337 1116 2395 dat.
1167 2322 1210 2384 Uli
1249 2335 1255 2418 j

291 2422 341 2480 aut
362 2415 441 2479 unde
465 2415 576 2478 audivit
598 2413 746 2479 Glaucia?
771 2415 829 2488 Qui
850 2424 910 2480 tam
931 2419 990 2479 cito
1013 2415 1130 2479 seivit?
1153 2410 1210 2480 Fac,
1248 2423 1255 2479 l

292 2499 413 2564 audisse
435 2500 550 2575 statim3
584 2514 651 2581 qum
675 2517 726 2564 res
749 2519 817 2564 eum
842 2507 932 2563 necte
952 2518 1012 2563 uua
1033 2508 1152 2563 tantum
1168 2490 1211 2553 iti·
1246 2494 1253 2597 ι’

290 2585 374 2648 neris
395 2583 579 2647 contendere
609 2585 735 2667 coegit?
769 2603 835 2666 quae
857 2586 1023 2647 necessitas
1047 2601 1119 2646 eurn
1142 2579 1209 2640 tanta
1248 2589 1255 2663 p

291 2669 455 2750 premebat,
486 2673 537 2744 ut,
577 2669 603 2730 si
627 2685 682 2732 sua
713 2673 820 2750 sponte
842 2671 899 2730 iter
922 2669 1076 2730 Ameriam
1095 2662 1209 2730 faceret
1252 2673 1255 2706 l

179 2812 191 2838 ,
291 2751 322 2814 id
357 2751 501 2833 temporis
538 2752 630 2814 Roma
671 2752 925 2833 proficisceretur,
957 2753 1070 2814 nullam
1104 2751 1207 2833 partem
1254 2759 1255 2796 l

178 2813 227 2886 35
290 2836 388 2898 noetis
410 2834 641 2916 requiesceret?
671 2836 805 2898 Etiamne
836 2838 867 2898 in
890 2843 949 2898 tam
970 2835 1143 2918 perspicuis
1163 2841 1208 2890 re·
1251 2839 1255 2880 't

290 2917 346 2980 bus
371 2937 406 2981 ar
448 2920 588 2981 mentatio
620 2919 780 2999 quaerenda
804 2924 854 2982 aut
877 2919 1049 2982 coniectura
1072 2908 1207 3002 capiendo
1254 2927 1255 2966 l

244 3023 279 3074 eg
291 3001 386 3063 est?¹
405 2937 611 3066 ffinnevebis
628 3004 701 3080 lieo,
726 3021 791 3084 quae
811 3003 948 3081 audistis,
974 2991 1205 3065 cernereoeulis
1252 3029 1255 3053 l

289 3083 443 3162 videmini,
465 3087 606 3148 iudices?
630 3105 692 3149 nen
714 3087 797 3150 illum
824 3089 977 3162 miserum,
1000 3086 1140 3170 ignarum
1161 3093 1206 3171 ct·

290 3183 342 3232 sus
360 3169 417 3248 sui,
436 3169 609 3232 redeuntem
629 3189 757 3233 eceena
774 3170 908 3233 videtis?
931 3187 993 3233 non
1007 3172 1123 3252 positas
1139 3167 1204 3228 insr-
1254 3181 1255 3219 l

289 3251 382 3314 olias?
408 3269 469 3315 nen
497 3253 638 3334 impetum
661 3254 874 3335 repentinum?
906 3271 968 3316 non
989 3261 1128 3320 versatur
1148 3249 1205 3311 aule

190 3361 194 3377 ’ν
289 3337 396 3398 oculos
411 3337 498 3400 veliis
518 3337 646 3400 incede
662 3337 811 3400 Glaucia?
837 3354 899 3400 non
917 3337 1000 3400 adest
1015 3338 1073 3400 iste
1097 3337 1128 3400 Τ.
1147 3333 1203 3396 llo-
1254 3355 1255 3387 o

288 3419 394 3482 scius?
419 3439 481 3483 nen
497 3423 560 3484 suis
576 3418 1203 3484 manibusineurruoollooatAutemedon·
1254 3433 1255 3456 ¹

290 3509 350 3566 tem
368 3504 462 3583 illum,
481 3507 529 3568 sui
539 3505 665 3568 sceleris
685 3505 871 3568 acerbissimi
884 3503 1069 3586 nefarieque
1082 3497 1203 3568 victorie

288 3587 449 3652 nuntium?
483 3596 652 3668 nouerat,
681 3595 713 3653 ut
734 3607 798 3651 eam
821 3593 940 3651 nectem
964 3588 1147 3672 pervigilet?
1175 3582 1201 3642 ul
1251 3613 1252 3624 ¹

287 3666 413 3733 lionoris
435 3674 482 3735 sui
500 3691 590 3735 canosa
608 3673 751 3736 laboret?
773 3677 806 3735 ut
824 3670 963 3752 Capitoni
983 3689 1071 3754 quam
1089 3673 1201 3754 primm
1254 3707 1255 3720 κ

240 3773 274 3830 pe
287 3753 426 3815 nuntiet?
460 3755 538 3827 Quid
561 3762 637 3837 erat,
669 3756 750 3838 quod
773 3755 950 3838 Capitonem
980 3757 1107 3838 primurn
1133 3752 1199 3820 scire

325 3858 335 3890 ¹
363 3864 473 3914 ceeia-
489 3860 545 3915 eit?
705 3922 707 3927 Ι
