2468 4318
262 891 266 901 .
373 824 428 902 n.
463 820 686 899 rotun
728 795 1064 904 multocius

309 1075 369 1174 L.
437 955 1122 1176 oATbNultuuol

510 1239 829 1306 ORATIONES'
857 1243 917 1308 1v.

338 1359 374 1423 t.
408 1358 535 1441 Serqius
568 1357 723 1435 Catilina,
769 1361 858 1426 bomo
887 1361 1020 1444 patricii
1048 1363 1178 1442 qensris,

247 1461 361 1526 naqna
382 1444 414 1506 oi
434 1451 463 1506 ct
485 1444 581 1541 anirni
601 1449 630 1504 ct
659 1446 818 1542 corporis,
858 1446 915 1508 sod
943 1445 1066 1527 inqenio
1097 1447 1178 1506 malo

244 1545 423 1688 qqqqqnde
431 1535 765 1691 'bomb'fbb'n‘bb
777 1525 1017 1692 bobcbpbbb
1029 1527 1178 1684 litii,

247 1696 304 1760 sed
327 1713 441 1759 casua
463 1693 591 1756 canuto
614 1696 805 1774 exsequendo
823 1696 998 1775 prohibitus
1011 1703 1092 1768 aas,
1118 1695 1178 1756 ad-

248 1782 337 1844 scitis
366 1777 408 1840 ct
437 1777 598 1840 consilium
617 1779 665 1840 cei
690 1777 824 1856 publica
846 1779 1052 1859 opprimenda
1068 1778 1179 1860 perdi«

248 1863 378 1926 lissinis
402 1859 565 1942 quibusque
585 1867 615 1922 et
640 1861 859 1924 audacissimis
880 1863 1070 1936 homiuibus,
1105 1880 1179 1943 quos

247 1948 372 2026 inopia,
401 1963 438 2006 co
460 1943 579 2016 iditas,
606 1942 725 2005 sceler-a
745 1945 964 2020 stimulabant,
989 1947 1178 2009 consulatum

158 2049 162 2052 ·
246 2033 281 2093 in
305 2047 374 2091 ann.
400 2024 426 2088 b'
449 2023 470 2087 1
491 2031 540 2103 (a.
566 2024 637 2089 Glr.
665 2023 728 2104 63)
747 2030 862 2110 potiit,·
906 2029 979 2103 sed,
1003 2023 1179 2092 'nouitatis

247 2112 420 2184 occultatis,
441 2127 509 2190 qua
519 2108 727 2189 parabantur,
753 2111 865 2175 studiis
881 2111 1026 2176 bonorum
1041 2113 1084 2175 M.
1105 2111 1178 2175 lul·

247 2197 309 2258 lius
328 2194 435 2256 Cicero
451 2211 517 2255 curn
537 2191 570 2255 0.
586 2193 718 2256 Antonio
740 2197 846 2258 consul
858 2197 964 2277 [actus
979 2203 1035 2258 cst.
1079 2196 1131 2258 Ea
1145 2214 1178 2257 re

245 2296 394 2342 aoceusm
421 2275 558 2339 Catilina
583 2276 727 2340 Cicerone
758 2285 788 2340 et
810 2279 943 2342 Antonio
967 2296 1046 2342 coss.
1073 2281 1178 2342 acrius

247 2362 378 2430 consilia
401 2360 551 2442 aqitabat,
573 2363 733 2423 resistente
755 2361 914 2442 diliqentic
941 2363 1113 2436 Ciceronis,
1136 2361 1177 2424 al

246 2465 332 2530 quem
349 2445 497 2526 pleraque
512 2462 534 2505 o
550 2443 659 2506 Fulvia
676 2444 899 2526 deferebantur,
922 2448 1047 2508 muliere
1067 2447 1174 2520 nobili,
1232 2477 1233 2480 π

95 2591 98 2598 ’
192 2535 744 2692 tuttttttttttttt
762 2528 947 2692 billis
964 2547 1174 2676 toltit

245 2698 366 2774 sultano,
394 2695 540 2757 dorent
563 2706 724 2774 operam
750 2695 882 2770 Coss,
916 2717 966 2773 ne,
986 2697 1084 2777 qaid
1106 2697 1174 2759 de-

245 2781 428 2844 trimenti
458 2784 623 2858 caperit
652 2795 718 2840 ros
743 2779 934 2860 publico,
969 2779 1173 2862 effectumque,

116 2861 119 2874 ¹
243 2871 278 2927 ut
300 2862 445 2935 Catilina,
470 2881 558 2942 quum
579 2863 612 2922 ln
628 2863 802 2942 monimum
823 2882 935 2926 annum
956 2866 1066 2926 iterum
1098 2883 1174 2926 oon-
1232 2891 1233 2931 t

245 2947 377 3010 sulatum
395 2953 529 3026 peteret,
560 2945 716 3024 repulsam
736 2948 852 3028 ferret,
883 2947 1174 3030 desiqnttrenturque

246 3027 782 3094 occultiusstonosetuttoreoc.
803 3030 938 3094 Catilina
948 3039 1058 3105 autom,
1069 3033 1174 3094 missis

243 3116 307 3176 mm
319 3121 411 3176 antea
422 3130 482 3191 per
494 3111 619 3176 Italiam
630 3110 673 3174 ad
691 3112 827 3176 bominac
842 3115 1017 3188 seditiosos,
1039 3117 1172 3178 naaion

242 3205 360 3261 celeres
378 3196 474 3258 Sulla
490 3197 612 3270 milites,
637 3198 835 3260 concitandos
849 3201 954 3272 sociis,
974 3197 1017 3260 ad
1035 3197 1069 3260 0.
1089 3197 1171 3260 Mal-

242 3283 336 3354 linm,
378 3281 430 3362 qui
460 3278 591 3340 Fasulis
620 3281 654 3341 in
674 3279 803 3342 Etruria
834 3299 956 3343 manum
984 3289 1171 3344 armatorum
1231 3323 1232 3348 ;

244 3364 427 3444 colloqerot,
466 3364 624 3443 proficisci
654 3365 810 3426 constituit
839 3372 869 3426 st
904 3364 1011 3427 bellum
1043 3366 1169 3444 sacere5

243 3442 475 3528 convocatisque
508 3453 615 3519 nocte,
663 3449 840 3527 quainter
875 3447 951 3510 VIII
975 3455 1005 3510 st
1036 3447 1094 3509 Vtt
1122 3447 1167 3509 tc.

244 3529 400 3596 Nocenbr.
426 3529 475 3608 (cl.
501 3525 573 3591 b'et
597 3527 620 3590 7
639 3529 735 3605 Noc.)
760 3539 847 3606 erat,
879 3533 975 3594 sociis
996 3533 1029 3593 in
1052 3531 1169 3593 Mmun

245 3615 286 3678 M.
324 3615 435 3676 Porcii
460 3613 579 3685 Laba,
623 3615 781 3676 consilium
818 3617 957 3696 apollin
1012 3615 1102 3677 simul
1135 3631 1168 3676 aa

245 3699 384 3761 bortonte
410 3695 470 3759 cluo
493 3698 605 3776 equites
627 3697 714 3759 Rom.
737 3716 777 3759 ea
806 3700 975 3760 coniuratis
997 3697 1167 3777 Cicerones

245 3799 279 3842 se
301 3780 359 3841 illa
378 3780 450 3859 ipsa
472 3785 560 3840 nocte
580 3786 652 3841 ante
673 3780 779 3852 luceru,
802 3801 890 3861 quum
912 3783 992 3844 siant
1005 3780 1166 3845 salutaturi

246 3866 425 3936 intrassent,
446 3861 660 3938 interfecturos
681 3881 749 3926 esse
767 3864 900 3944 polliciti
920 3867 999 3927 sunt.
1051 3864 1163 3934 Cicero,
