2468 4318
160 299 163 308 y
255 211 344 286 rao
371 228 498 286 unca
527 187 740 286 usuratu.
930 231 981 282 aa¹

28 413 90 470 tute
112 409 143 467 et
166 402 310 468 subsidio
333 401 493 468 consessus
516 408 564 466 εει
587 403 760 477 liberdum
803 397 890 462 testis
919 403 966 462 est

30 489 152 566 Sicilia,
189 505 283 568 quarn
311 488 412 552 mrdtis
433 486 566 568 undique
588 488 714 550 cinctam
735 482 880 568 periculis
902 497 966 546 non

29 581 148 636 terrore
162 571 256 648 belli,
275 573 330 646 sed
346 571 467 636 consilii
482 571 653 634 εειεείιειει
678 569 855 656 explicavit;
878 566 964 628 testis

29 655 205 734 estAirica,
230 673 299 736 εεε
310 656 428 740 magnit
440 672 588 736 oppressa
598 654 729 722 hostium
746 653 842 734 copiis
860 667 966 714 corum

30 741 165 820 ipsorum
189 739 345 821 sanguiue
366 739 560 814 redundavit3
601 739 687 802 testis
710 743 757 800 est
781 735 888 812 Gallia,
909 748 966 816 per

31 842 117 904 quarn
135 823 318 906 legionibus
334 823 447 886 nostris
467 819 525 886 iter
546 823 577 886 in
595 821 787 904 Ηὶερεείεειιι
812 819 967 883 Gallorum

31 907 250 970 internecione
270 906 453 989 patefactura
475 912 538 980 est3
562 907 647 970 testis
663 912 710 969 est
723 904 878 985 Hispania,
900 915 967 984 que

33 990 204 1071 sepissime
226 991 377 1072 plurimos
399 989 502 1052 hostes
522 990 560 1052 ab
576 989 636 1052 hoc
651 995 809 1071 superatos
825 995 967 1071 prostra-

33 1079 139 1154 tosque
166 1075 351 1156 conspexit3
376 1075 462 1136 testis
484 1079 532 1136 εει
554 1075 664 1136 iterum
687 1080 718 1136 et
741 1073 852 1156 saepius
873 1071 968 1150 ltalia,

35 1173 107 1237 que,
131 1175 232 1238 quum
256 1158 360 1220 servili
383 1156 464 1219 bello
485 1163 564 1220 tetro
586 1157 969 1239 periculosoquepreme-

34 1247 131 1317 retur,
154 1241 194 1304 ab
218 1241 281 1304 hoc
302 1241 447 1304 auxilium
469 1241 593 1304 ahsente
612 1241 772 1322 expetivit,
797 1241 879 1322 quod
899 1239 970 1303 bel-

35 1323 95 1386 lum
115 1325 351 1406 exspectatione
374 1324 467 1387 eius⁸
504 1330 685 1387 attenuatum
707 1331 798 1406 atque
827 1325 970 1388 imminu-

37 1413 95 1470 tum
120 1414 178 1486 est,
204 1408 338 1472 adventu
358 1408 507 1472 sublatum
531 1426 567 1470 ac
588 1409 737 1489 sepultum
744 1428 754 1484 ;
777 1415 872 1471 testes
895 1424 970 1470 uero
981 1417 1014 1466 ³1

37 1491 94 1552 iarn
123 1509 239 1556 omnes
262 1508 324 1554 orsa
346 1498 435 1572 atque
460 1509 565 1554 omnes
590 1497 702 1554 extera
723 1499 831 1575 gentes
854 1509 892 1554 ac
910 1509 972 1554 na-

38 1576 145 1653 tiones,
168 1575 307 1658 denique
330 1576 425 1638 maria
447 1576 558 1651 omnia,
589 1574 708 1656 quum4
732 1576 885 1653 universa,
908 1580 972 1636 nm
1080 1579 1082 1588 ’

40 1658 68 1720 in
89 1659 224 1741 singuiis
251 1659 342 1722 oris⁶
374 1675 479 1721 omncs
500 1659 585 1722 sinus
608 1665 698 1738 atque
726 1664 841 1738 portus.
896 1656 972 1729 Quis
1083 1736 1085 1744 Α

41 1742 117 1804 enirn
141 1749 210 1808 tuto
234 1743 312 1805 rnari
333 1743 421 1806 locus
439 1759 496 1822 per
517 1739 576 1804 hus
599 1757 695 1805 annos
714 1745 763 1804 aut
781 1747 841 1804 tarn
855 1739 973 1803 sumum

41 1822 141 1888 habuit
165 1826 355 1907 presidium,
376 1831 409 1888 ει
432 1831 512 1888 ιειεε
532 1831 626 1902 esset,
648 1831 699 1888 εει
719 1831 779 1888 tara
803 1823 861 1886 fuit
882 1823 972 1886 abdi-

42 1913 104 1985 tus,
121 1915 177 1972 ut·
202 1909 340 1974 lateret?
372 1909 463 1994 'Quis
490 1909 662 1993 navigavit,
696 1909 748 1990 qui
776 1926 840 1971 non
863 1925 899 1971 se
923 1911 975 1970 εει

44 1991 153 2056 mortis·
175 2000 229 2058 aut
263 1993 416 2057 seruitutis
448 1992 586 2074 periculo
620 1987 837 2070 committeret,
882 2008 975 2072 quurn

45 2080 92 2136 εει
113 2076 216 2140 hieme
250 2083 301 2140 εει
324 2075 438 2139 referto
459 2077 636 2160 predonum
661 2078 736 2140 mari
762 2074 970 2160 εεείςειέιιο

46 2155 108 2222 Ηοε
130 2166 249 2225 tantum
269 2161 392 2239 bellurn,
420 2166 480 2223 turn
499 2169 599 2242 turpe,
626 2167 687 2223 tam
708 2169 812 2238 εειεε,1
829 2167 889 2222 tarn
913 2159 976 2222 late

47 2240 172 2308 divisum
195 2251 289 2326 atque
313 2245 498 2324 dispersum,
529 2245 597 2328 quis
618 2263 760 2328 umquam
782 2245 976 2308 arbitraretur

49 2331 95 2388 εει
125 2329 162 2392 ab
190 2327 332 2392 omnibus
356 2329 587 2409 imperatoribus
607 2347 670 2391 uno
699 2345 778 2392 anno
798 2336 851 2393 aut
874 2327 976 2390 ornai-

48 2405 101 2472 bus
123 2413 214 2476 cunis
238 2412 275 2476 ub
299 2428 361 2475 uno
381 2413 565 2494 imperatore
588 2411 695 2475 confici
717 2411 837 2494 posse?
881 2411 1023 2484 Quernas
1059 2455 1060 2460 κ

50 2495 236 2570 provinciam
254 2496 393 2560 tenuistis
415 2514 433 2558 a
450 2496 642 2577 predonibus
660 2497 785 2558 tiberem
806 2511 863 2576 per
882 2494 977 2556 hosce
1004 2494 1010 2516 ¹

52 2579 181 2640 annosi»
212 2580 296 2663 quod
319 2579 449 2663 vectigal
468 2581 555 2643 vobis
578 2585 672 2642 tutum
693 2578 775 2641 suit?
809 2596 898 2660 quem
920 2594 977 2640 so-

52 2657 126 2723 cium
148 2663 356 2728 defendistis?
379 2666 428 2727 cui
449 2663 592 2746 presidio
616 2663 763 2726 classibus
787 2662 897 2726 vestris
913 2659 978 2724 fui-

54 2743 130 2805 stis?
154 2765 245 2828 quarn
266 2747 373 2811 multas
396 2748 572 2810 existimatis
594 2747 709 2810 insulas
726 2764 796 2810 esse
813 2743 978 2808 desertas?

55 2839 138 2903 quarn
169 2832 278 2894 multas
313 2837 363 2894 aut
394 2837 477 2892 metu
507 2831 629 2892 relictas
660 2837 710 2893 aut
736 2849 754 2893 a
784 2829 979 2913 predonibus
1065 2825 1067 2834 '

56 2916 151 2989 captas
172 2916 266 2978 urbes
283 2933 352 2978 esse
366 2914 546 2978 sociorum?
570 2913 631 2978 Sed
648 2914 720 2995 quid
734 2931 794 2996 ego
812 2915 979 2996 longinqua
1042 2907 1089 2980 lt

58 2998 284 3063 commemoro?
316 2999 382 3062 Fuit
404 2998 463 3060 hoc
485 2997 645 3080 quondam,
667 2996 724 3058 fuit
738 2997 894 3078 proprium
917 3012 980 3077 po-

59 3076 117 3150 puli
141 3079 285 3160 Romani,
320 3083 414 3166 longe
439 3101 456 3144 a
479 3081 569 3145 domo
596 3078 711 3143 bellare
740 3085 773 3142 et
799 3095 980 3163 propugna-

61 3158 130 3222 cutis
152 3165 272 3248 imperii
293 3167 448 3229 sociorum
469 3164 626 3242 fortunas,
659 3181 720 3236 pon
743 3181 799 3228 εεε
819 3169 898 3226 ιεειε
921 3162 980 3224 de-

61 3236 188 3310 rendere.
235 3249 334 3314 Sociis
356 3267 416 3333 ego
435 3249 565 3312 uesnis⁷
588 3265 672 3312 mare
692 3266 748 3330 per
767 3248 866 3316 hosce
884 3259 980 3309 annos

64 3322 187 3393 clausum
202 3331 298 3398 fuisse
318 3334 448 3410 dicern⁸,
470 3351 561 3414 quum
580 3332 733 3396 exercitus
754 3329 867 3395 vestiit
890 3345 981 3391 nurn-

64 3421 145 3485 tuan
170 3434 187 3480 a
210 3413 375 3482 Brundisio
393 3419 454 3483 nisi
477 3417 577 3480 lucare
599 3417 763 3481 sumina1⁰
799 3413 980 3478 transmise-

67 3529 286 3563 Q*—

100 3611 159 3673 ¹E·
180 3623 242 3678 dett
262 3625 292 3678 N·
312 3623 344 3678 Α.
363 3621 390 3689 1,
414 3619 439 3678 7.
461 3651 497 3664 -
522 3625 571 3678 cel.
593 3641 666 3679 cous.
720 3623 736 3656 ¹
757 3621 789 3676 tt.
810 3622 892 3673 -in
907 3619 979 3688 Hiap.

98 3685 151 3744 iter,
205 3696 274 3748 ἘΣ
293 3722 329 3734 -
347 3696 474 3764 Pompeii.
528 3696 601 3749 ⁴1⁴1.
626 3723 663 3736 ·-
687 3703 750 3747 tum.
807 3692 893 3752 Pom.
918 3693 1007 3745 oriu'

102 3754 299 3832 ‘pauperem
337 3767 550 3826 'Ee-vestris
566 3783 627 3836 ego.
666 3765 859 3818 ‘BL-rnna
874 3761 979 3830 cl.p.h.
1069 3793 1071 3800 =

103 3831 192 3888 ΜΗ.
227 3837 441 3892 'Emucstri
482 3836 511 3868 ¹⁰
530 3837 689 3892 E.-eBr.
702 3853 727 3890 ε.
742 3836 792 3889 εἰει
804 3851 870 3890 euru.
883 3832 978 3886 hieme.
