2468 4318
166 187 171 194 ’
274 219 699 280 rnucnrrurnam
752 218 803 268 ·'
888 227 950 278 ,ιιι

4 405 102 469 minus
124 399 220 482 digni
245 398 371 481 assequi
390 396 518 480 possint
564 392 711 458 Memoria
730 400 842 474 uestra,
872 393 953 471 Qui..

4 490 96 562 ritas,
120 489 246 558 nostrus
271 501 322 546 res
346 482 482 556 alentur,
506 479 697 556 sermonibus
719 487 878 558 crescent,
900 483 952 544 tit-
984 549 985 554 χ

4 578 137 634 terarum
150 567 379 630 'monumentis
403 564 625 627 inveterascent
651 568 681 624 et
703 565 953 628 corroborabun-

6 662 71 729 tur;
94 650 301 732 eandemque
316 651 395 712 diem
410 647 560 730 intelligo,
585 663 673 728 quam
695 663 789 728 spere
809 654 953 713 ctemam

5 738 91 815 ture,
124 741 339 817 propagatam
370 750 441 796 esse
470 737 502 794 et
533 730 571 793 ad
601 730 727 792 salman
753 732 836 794 urbis
860 737 890 794 et
913 732 979 795 ad'

7 820 188 884 memoriam
223 817 405 880 consulatus
433 815 538 892 mei¹,
573 819 742 896 †un0que
764 821 900 898 tempore
921 817 952 878 tn

7 905 62 966 trae
83 921 119 965 re
142 901 279 983 pubti'ea
301 900 378 964 duos
407 901 490 962 cives
514 898 688 974 exstitisse,
722 916 849 980 quorum
878 900 954 962 atter

10 987 81 1050 ines
102 986 206 1049 vestri
231 985 354 1066 imperii
375 1002 436 1046 nun
466 988 572 1060 terrie,
604 981 660 1044 sed
682 981 746 1044 ceti
775 983 953 1065 regionibus

11 1070 200 1146 terminaret,
225 1070 307 1132 atter
332 1068 467 1130 eiusdem
488 1066 606 1147 imperii
626 1065 956 1130 domicilium-sedent-
985 1093 991 1108 =

14 1171 69 1236 que
91 1158 251 1216 seruaret.
296 1149 519 1232 sedquoniam
543 1158 646 1228 earum
663 1166 775 1226 rerum,
798 1167 878 1231 quas
892 1163 999 1232 egeat
1018 1139 1067 1212 12

14 1238 104 1319 gessi,
127 1253 195 1298 non
217 1235 329 1298 eadem
354 1235 427 1298 est²
442 1232 685 1319 ,recursuque
708 1233 859 1308 condicio,
889 1250 958 1316 quae
1036 1287 1040 1303 ,
1084 1269 1086 1276 -

15 1321 149 1396 iliorum,
185 1320 243 1400 qui
284 1324 408 1384 externa
441 1317 520 1380 bella
553 1323 733 1400 gesserunt,
770 1317 853 1398 quod
873 1317 955 1378 mitri

17 1421 78 1466 curn
101 1403 169 1466 iis³
209 1401 377 1465 vivendum
403 1407 471 1476 est,
504 1417 580 1482 quos
604 1400 663 1462 viei
691 1417 727 1462 ac
748 1401 877 1484 subegi,
911 1401 956 1463 itti

17 1485 116 1549 trustes
140 1492 196 1549 aut
219 1484 400 1548 interiectos
422 1489 472 1547 aut
494 1501 658 1566 oppressus
678 1483 876 1564 reliquerunt,
897 1503 956 1546 ve-

20 1575 108 1635 strum
129 1577 192 1648 est,
218 1568 366 1645 Quirites,
390 1567 417 1630 si
439 1567 550 1630 ceteris
570 1573 653 1627 recte
674 1563 753 1629 iacta
775 1568 854 1630 sua⁴
878 1585 957 1650 pro·
1010 1637 1013 1649 1

20 1659 93 1732 sunt,
115 1653 193 1716 mihi
210 1657 340 1717 meane
356 1651 477 1732 quando
494 1649 604 1727 obsint,
626 1649 797 1730 providere.
838 1650 957 1713 tientes
1022 1700 1032 1710 .

22 1739 96 1798 enim
116 1737 286 1806 hominum
308 1735 575 1804 audacissimorum
597 1733 753 1797 sceleratae
774 1751 811 1802 uc
831 1733 957 1800 nefarie

23 1836 58 1880 ne
80 1821 170 1884 uobis
191 1837 312 1886 necere
332 1823 469 1900 possent,
492 1835 552 1900 ego
574 1817 710 1899 providi3
738 1835 782 1884 ne
803 1817 874 1882 mihi
896 1835 958 1882 no-

26 1910 117 1981 ceant,
139 1911 283 1967 vestrum
306 1908 351 1965 est
372 1901 545 1984 previdere.
594 1899 790 1982 Quamquam,
813 1902 958 1977 Quirites,

27 1985 92 2048 mitri
116 1988 246 2069 quidem
270 1987 329 2069 ipsi
353 1985 428 2048 nihil
449 1985 486 2048 ab
508 1985 574 2046 istis
599 1984 684 2047 ἰιιιιιδ
720 1987 826 2047 noceri
848 1990 958 2067 petest.

27 2066 163 2152 ttagnum
187 2071 273 2139 enim
298 2074 344 2133 est
365 2071 396 2134 in
417 2070 506 2134 honis
528 2068 712 2151 presidium,
734 2069 815 2151 quod
838 2069 910 2132 mitri
927 2068 959 2130 in

29 2159 205 2234 perpetuum
236 2159 442 2236 comparatum
472 2159 537 2229 est,
572 2167 682 2234 magne
714 2153 745 2216 in
772 2171 807 2214 re
837 2153 960 2236 publiea
1037 2201 1043 2214 ,
1077 2175 1084 2190 ι

31 2233 166 2318 dignitas,
190 2255 261 2320 quae
282 2255 330 2304 me
347 2255 469 2320 semper
489 2236 578 2298 tacita
595 2235 745 2313 defendet,
768 2255 876 2320 magna
892 2235 957 2300 vis⁶

32 2323 242 2400 conscientiae,
274 2340 360 2402 quam
384 2323 434 2402 qui
459 2320 634 2402 negligent,
662 2337 752 2400 quum
775 2339 823 2382 me
844 2322 961 2384 violare

33 2401 148 2482 vetent,
185 2425 222 2468 se
253 2400 313 2486 ipsi
343 2404 524 2467 indicabunt
578 2403 631 2466 Est
657 2405 746 2464 etiam
769 2405 799 2465 in
822 2405 911 2468 nobis
933 2393 1009 2474 isus

35 2485 162 2566 animus,
189 2489 353 2566 Quirites,
369 2493 402 2550 ut
423 2504 483 2548 non
506 2484 595 2546 medo
618 2487 728 2551 nultius
754 2487 886 2551 audaciae
906 2505 963 2548 ce-

38 2564 145 2648 damus,
168 2573 226 2636 sed
251 2573 339 2634 etiam
364 2589 468 2633 omnes
489 2570 643 2650 improbus
665 2571 744 2634 ultro
768 2589 890 2652 semper
914 2571 963 2632 la-

38 2664 196 2718 cessamus.
257 2655 344 2729 Qued
378 2655 404 2718 si
438 2653 535 2716 omnis
566 2654 695 2736 impetus
730 2653 964 2718 domesticorum

38 2728 173 2816 hostium,
200 2739 345 2821 depulsus
371 2757 388 2800 a
413 2738 520 2814 vobis,
534 2755 568 2799 se
590 2737 620 2799 in
645 2756 692 2798 me
713 2756 805 2800 unum
829 2756 963 2802 conver-

41 2818 119 2895 terit,
153 2823 244 2886 vobis
269 2822 327 2886 erit
349 2821 557 2898 videntum&
587 2820 738 2899 Quirites,
772 2823 964 2904 qua-eundi-

42 2899 123 2962 cicne
143 2907 274 2986 posthac
301 2923 364 2986 eos¹
386 2922 455 2966 esse
486 2907 604 2988 velitis,
637 2906 687 2986 qui
716 2923 756 2968 se·
782 2923 839 3004 pro
868 2907 965 2970 salute

43 2989 135 3047 vestra
158 2989 322 3053 obtulerint
344 2989 464 3052 invidie
484 2989 689 3070 periculisque
713 2991 867 3068 omnibus3
894 2989 965 3054 mihi
1078 3055 1081 3068 ,

45 3065 156 3142 quidem
179 3073 239 3155 ipsi
257 3072 336 3154 ¹quid
366 3079 428 3150 est,
462 3073 542 3152 quud
574 3073 632 3133 iem
668 3072 705 3136 ad
736 3073 806 3137 vitae
835 3074 966 3138 fructum

47 3153 135 3224 possit
162 3157 296 3240 acquiri,
335 3157 504 3240 praesertim
537 3175 628 3238 quum
658 3173 758 3237 neque
787 3159 819 3223 in
848 3157 967 3220 honore

48 3239 139 3322 vestro
162 3256 263 3324 neque
287 3241 317 3302 in
336 3241 435 3324 glorie
456 3239 573 3303 virtutis
597 3239 757 3320 quidquem
777 3243 896 3306 videam
919 3241 967 3302 at-

49 3313 112 3394 trus,
143 3340 203 3404 qun
229 3323 327 3388 mihi⁸
358 3323 451 3387 libeat
472 3323 682 3388 adscendere?
716 3323 793 3388 Illud
814 3324 1014 3418 perficiamns
1119 3388 1122 3395 ,

54 3427 274 3454 ''Q—...-

84 3481 184 3544 'cocta
206 3493 333 3558 -scre,
360 3501 386 3546 et
411 3493 444 3546 ed
470 3509 491 3545 s.
510 3511 536 3546 ιι.
557 3501 583 3546 et
601 3511 624 3546 a.
643 3511 677 3546 nr.
696 3511 719 3546 c.
739 3511 772 3548 nr.
790 3493 970 3563 propagatam.
1062 3552 1065 3560 ¹

85 3548 143 3608 Mox
159 3563 285 3614 eccidisse
298 3562 399 3630 aliquid
416 3563 536 3616 uidetur:
555 3567 679 3632 omnique
692 3573 811 3632 tempore
831 3565 885 3628 (εἰσ
899 3565 971 3615 codd.
1066 3559 1068 3567 ⁴

84 3624 190 3696 almuse)
212 3634 263 3686 troc
276 3633 445 3700 praedicatum
458 3637 498 3700 iri,
518 3650 571 3688 uun
590 3642 719 3704 tempere·
757 3635 770 3666 ¹
791 3634 863 3687 cedd.
878 3661 914 3670 -
932 3644 973 3688 est
1016 3699 1020 3708 ¹

85 3697 181 3753 eadem.
241 3701 349 3754 ’cedd
373 3729 409 3742 -·
433 3703 485 3756 his:
537 3703 642 3756 ⁴eedd.
668 3730 701 3742 ···
730 3721 777 3756 sua
802 3714 874 3757 reete
894 3706 971 3758 iaeta-
1046 3759 1049 3762 .
1088 3730 1090 3734 ·

89 3761 187 3824 ‘codd
203 3799 240 3812 -
256 3775 309 3825 iam
327 3774 361 3828 ab
380 3775 445 3828 istis.
489 3773 563 3826 ‘vis
581 3783 648 3844 ert·
671 3773 775 3828 'eoem
796 3773 919 3839 (Satist.)
940 3800 973 3812 -·

87 3855 119 3871 ···
135 3843 331 3904 providendum.
368 3843 472 3898 ‘eota
495 3869 530 3884 ···
550 3859 603 3912 quc
625 3843 731 3911 quidem
753 3845 823 3900 mihi.
