2596 4306
278 169 329 224 xt
394 203 416 220 ιι

148 350 150 359 ·
228 322 337 393 tuisse,
361 317 469 381 etiamsi
492 318 548 376 tale
569 321 630 387 est,
662 319 692 374 ut
715 313 745 374 id
765 319 795 386 et
818 314 968 374 dicernat
990 317 1100 374 senatis
1123 318 1154 377 in

227 411 287 462 tota
307 404 361 460 hac
382 401 583 475 coniurationis
605 400 787 474 oppressione
803 405 831 456 et
848 398 978 457 iudicarit
996 405 1025 456 et
1040 401 1155 470 egendo

228 492 338 546 secutus
360 486 414 558 sit,
445 484 545 559 partim
567 484 629 539 aliis
652 482 740 540 modis
764 482 793 538 in
816 481 910 540 verbis
931 482 1067 555 rebusque
1090 483 1155 556 ipse

228 585 259 627 se
280 569 413 642 implicat.
455 566 498 624 llx
520 566 615 640 priore
638 563 688 622 illo
721 581 825 637 genere
857 569 916 636 est,
951 564 1156 622 incredibiliter

148 669 152 673 ·
228 667 404 726 perversum,
442 649 533 722 quod,
568 665 649 721 quum
676 645 910 720 orator(§10)
939 654 1059 704 sonetum
1085 649 1156 719 lege

230 733 393 808 Sempronia
413 748 468 788 non
496 730 624 806 impediri
654 730 746 802 dicat,
786 730 930 802 quominus
962 730 1005 786 de·
1026 730 1070 786 uis
1098 747 1158 804 pa·-

215 805 291 894 'tuiae
320 814 444 884 hostibus
476 814 597 884 iudicet,
630 813 782 870 Alrrensius
806 812 849 886 (p.
875 815 935 868 109
957 808 1030 886 sqq.)
1053 813 1159 884 gravi·

228 905 273 956 ter
296 897 430 971 exponit,
463 897 626 954 Ciceronem
648 897 694 952 ”in
718 895 842 967 iudicio,
877 895 924 950 ubi
945 897 1055 966 legibus
1078 901 1158 952 esset

229 980 482 1056 obtemperandum,
505 997 560 1036 non
584 979 713 1036 debuisse
734 985 861 1052 tanquam
883 977 917 1034 de
937 979 1064 1035 hostibus
1086 995 1159 1035 sen-

229 1064 343 1127 tentiam
371 1063 473 1136 serre‚''
500 1069 544 1136 et,
574 1079 654 1136 quum
687 1061 783 1118 eadem
805 1077 918 1134 prorsus
940 1061 1102 1119 Ciceronem
1126 1062 1160 1118 iu

181 1188 184 1193 -
229 1147 318 1222 prima
348 1146 474 1202 omtionc
497 1143 531 1219 (s
554 1146 610 1214 28)
634 1145 751 1219 patriam
772 1144 908 1200 dicentem
932 1143 1025 1200 iacere
1049 1144 1159 1215 videat,

231 1229 362 1288 ciceroni
379 1229 514 1302 permittit
537 1227 579 1306 (p.
599 1229 683 1300 109),
704 1233 734 1284 ut
754 1227 850 1300 patrie
871 1243 901 1282 se
923 1227 1073 1298 alloquenti
1096 1227 1158 1282 ial-

162 1305 165 1310 ’
231 1321 276 1370 'sas
299 1311 455 1370 huiusmodi
477 1311 625 1368 sententias
648 1311 788 1384 subiiciat,
820 1310 909 1384 ipsum
933 1309 1043 1383 quidem
1065 1309 1159 1364 obsti·
1221 1345 1237 1356 -

230 1411 298 1452 nere
321 1394 407 1450 iubet.
454 1393 544 1468 Atque
576 1392 651 1449 addit
675 1395 758 1450 etiam
781 1395 821 1468 (p.
845 1392 1008 1463 111),‘non
1029 1392 1160 1464 potuisse

232 1475 395 1550 Ciceronem
417 1478 575 1535 coniuratos
597 1476 716 1534 hostium
739 1477 804 1534 loco
825 1475 928 1532 habere
948 1481 975 1532 et
994 1475 1033 1542 ita
1055 1475 1164 1547 appel-⁴

139 1561 143 1574 ’
230 1560 301 1632 lare,
330 1559 405 1632 quod
422 1560 551 1624 lletellus,
568 1565 596 1614 et
618 1553 731 1615 clodius
753 1561 850 1638 postea
872 1559 899 1613 ei
922 1558 1085 1638 obiecerint,
1109 1556 1159 1612 ci-

231 1657 281 1700 ves
312 1642 346 1698 ab
377 1659 412 1715 ec
441 1649 565 1698 necatos.
608 1641 739 1696 Nimirum
769 1641 794 1696 is
824 1649 902 1694 error
930 1640 1078 1704 historicus
1103 1644 1158 1709 est,

233 1741 315 1798 quum
336 1730 483 1780 accusator
507 1723 589 1779 aliter
611 1722 680 1778 dicit
709 1727 790 1794 atque
818 1716 863 1792 is,
896 1737 977 1794 quem
1005 1718 1165 1778 accusatl‘

227 1805 276 1866 Ex
296 1806 409 1879 reliquis
432 1821 555 1862 errorum
586 1803 772 1862 notationibus
806 1820 866 1860 eam
902 1804 1041 1877 deligam,
1076 1821 1159 1877 quem

182 1922 184 1926 ·
232 1888 356 1948 emnium
376 1905 465 1962 prope
489 1883 605 1944 maxime
636 1887 755 1959 probare
777 1879 899 1944 Orellius
930 1889 1047 1944 videtur.
1088 1887 1159 1944 Nam

182 1989 186 2000 ¹
231 1972 328 2043 illam,
361 1987 422 2043 qum
449 1969 470 2038 S
493 1971 532 2029 15
562 1969 696 2026 orationis
726 1970 755 2025 in
787 1969 887 2036 scribis
917 1977 1158 2043 commemoratur,

145 2077 153 2084 ·
233 2059 336 2112 sortem
358 2051 509 2110 Abrensius
533 2053 573 2125 (p.
597 2052 670 2119 127)
695 2069 808 2126 prorsus
831 2060 927 2109 contra
952 2054 1075 2122 instituta
1096 2054 1157 2110 Rc-

232 2152 312 2193 mana
335 2135 428 2194 fletam
458 2151 520 2191 esse
550 2135 689 2208 disputat,
722 2135 853 2207 quoniam
879 2137 958 2192 locus
984 2136 1012 2192 in
1034 2137 1157 2206 decuriis

232 2218 385 2287 scribarum
414 2217 467 2275 emi
491 2217 668 2274 consueverit
691 2224 720 2294 et
740 2218 838 2274 scribe
863 2225 938 2278 certa
963 2219 1157 2276 distributione

170 2363 171 2370 ἵ
233 2300 281 2358 alii
312 2299 427 2358 aliorum
455 2302 662 2372 magstratuum
689 2299 799 2356 luerint.
842 2301 943 2358 Verum
965 2303 1024 2358 haeo
1054 2318 1152 2358 omnes

232 2381 341 2458 pridem
369 2399 550 2455 noveramus,
584 2383 690 2440 scribes
720 2383 813 2440 locum
843 2385 872 2440 in
902 2385 1023 2441 decuriis
1039 2385 1155 2458 ¹emisse

202 2477 207 2482 ·
232 2465 337 2540 (lectos
356 2473 448 2524 tamen
469 2466 587 2539 quodam
606 2465 690 2524 modo
710 2483 728 2522 a
747 2464 962 2539 magistratibus,
984 2469 1081 2541 quibus
1097 2467 1157 2524 eius

142 2536 150 2552 ’
194 2583 197 2586 -
232 2549 276 2606 rei
298 2565 364 2606 cura
384 2541 629 2622 mandatn’esset',
668 2565 703 2606 ne
724 2549 908 2622 indignissimi
930 2552 1030 2623 quique
1053 2551 1156 2608 inrum-

232 2627 361 2708 perent),
389 2639 417 2689 et
438 2629 510 2690 alios
531 2632 695 2705 questorios
716 2627 801 2689 luisse
822 2634 946 2710 scribas,
968 2634 1039 2690 alios
1063 2633 1157 2696 aedili-

208 2743 212 2758 ·
235 2714 308 2786 cios,
329 2720 357 2772 et
379 2715 477 2772 eodem
498 2715 581 2772 modo
603 2716 742 2788 reliquos3
763 2715 813 2773 sed
835 2715 916 2773 simul
937 2715 1156 2788 intelligebatur,
1291 2783 1292 2786 Ἴ

233 2811 316 2868 quum
335 2797 415 2854 verbi
436 2802 520 2854 causo
540 2804 691 2871 questores
709 2798 809 2868 viginti
827 2801 996 2870 crearentur,
1018 2800 1089 2856 inter
1104 2801 1156 2857 hos
1186 2810 1189 2814 '
1291 2789 1292 2862 ι

236 2883 311 2934 sorte
333 2879 495 2936 distributos
517 2897 580 2938 esse
602 2881 707 2938 scribes
730 2882 905 2954 questorios,
927 2881 1049 2940 Romano
1071 2899 1158 2956 pror-

233 2977 280 3020 sus
307 2978 402 3035 more,
433 2979 488 3038 quo
512 2965 585 3020 inter
607 2963 685 3037 ipsos
706 2964 883 3034 magistratus
906 2965 1028 3037 eiusdem
1053 2964 1158 3037 gradus
1192 3017 1196 3021 .

140 3091 143 3096 .
233 3057 345 3104 munera
375 3053 451 3104 sorte
481 3046 693 3121 dividebantur;
731 3046 817 3122 idque
846 3053 948 3124 prater
973 3048 1046 3106 hunc
1075 3047 1157 3106 buius

231 3167 463 3189 Μ

234 3233 244 3263 ¹
259 3235 288 3302 P:
304 3239 345 3284 115
358 3251 386 3284 ee
402 3241 472 3286 etiem
487 3243 644 3300 progreditur,
658 3247 691 3300 ut,
705 3244 814 3302 quoniam
828 3245 889 3303 apud
905 3245 1040 3292 Sallustium
1049 3247 1087 3290 len
1097 3246 1158 3291 l’or·

258 3303 311 3358 cte,
331 3307 377 3339 non
390 3295 529 3354 Sempronia
541 3298 686 3354 nominatur,
711 3299 749 3343 ”ai
763 3301 811 3344 nlla
833 3299 892 3356 legis
913 3301 1036 3356 utriusque
1056 3301 1156 3356 cognitio

156 3380 163 3392 .
257 3356 365 3414 animum
379 3349 506 3416 intraqerit
518 3363 600 3416 snpm,
619 3365 662 3418 pqo
675 3358 740 3397 certo
753 3353 881 3410 affirmem
901 3355 978 3420 legem
995 3355 1157 3412 Semproniam

222 3463 226 3472 ‹
257 3403 1046 3515 11111131111111,11111111111101111113
1061 3409 1157 3506 stret:

259 3513 329 3552 erant
342 3513 366 3552 et
381 3511 566 3566 provocationem
580 3513 677 3556 manime
691 3514 816 3558 tuebantur
826 3513 971 3572 imperiaque
980 3516 1157 3571 magistratuum

197 3612 201 3618 g
258 3561 379 3626 vingornm
398 3576 427 3606 ne
445 3563 493 3608 vim
512 3565 660 3610 coercebunt.
686 3567 785 3624 Propior
802 3567 837 3612 illi
851 3569 951 3625 tempori
965 3569 1104 3626 Sempronia
1118 3569 1157 3613 lex

258 3608 332 3668 ipsum
347 3616 484 3680 epdrciorum
496 3617 624 3674 legitimam
638 3619 735 3664 formam
751 3622 874 3666 sanciebat
886 3623 938 3679 (pro
948 3623 1031 3669 Rabir.
1041 3621 1156 3679 perduell.

258 3669 974 3782 tollentetertsemettridente''¹¹²‘'²⁶
990 3675 1079 3722 Μ’
1093 3687 1166 3733 ‘¹¹¹⁸‘

324 3953 331 3973 ⁸
401 3971 402 3976 ι
470 3961 472 3967 ⁴
509 3969 513 3984 ι
840 3971 842 3976 ·
1015 3979 1018 3984 .

715 4041 719 4052 ,
838 4041 840 4046 .

330 4111 332 4114 Ι
646 4119 649 4125 ⁵
819 4129 821 4134 ι
1103 4126 1106 4134 1

406 4141 411 4152 ἱ

725 4189 726 4193 ,
1066 4175 1071 4192 t

1068 4204 1071 4216 r

810 4243 815 4255 ι
863 4244 867 4255 ι
1145 4249 1151 4258 .

445 4283 887 4296 ,ψ-ᾠσι-ι-Μ
912 4277 919 4283 “
932 4277 1002 4288 ··“··“”
