2546 4310
863 261 974 341 fxtx

84 443 175 486 nsum
195 423 348 502 subiiciens
371 433 424 502 pro
448 425 587 498 legitimo,
611 429 641 486 ot
661 443 708 488 rea
723 427 751 486 lo
770 425 874 490 iudicio
895 447 951 491 nou
967 435 1026 507 egi,

85 511 143 568 sed
164 508 268 582 agitari
288 507 447 582 diceretur,
480 517 509 568 et
528 509 708 570 indicativum
729 505 758 569 in
781 525 841 570 eam
863 516 1026 578 sententiam

84 595 247 669 inducens,
277 609 338 664 quae
360 607 422 664 eum
442 599 559 667 propter
578 597 664 649 totam
687 609 749 650 oum
770 595 876 653 inlicita
897 591 1026 657 oratione

86 675 314 750 implicationem
332 675 576 732 vehementissime
591 676 707 750 respuit.
738 675 844 735 Eodem
859 666 927 739 loco¹
939 682 1025 740 Stue-

23 764 31 771 ’
85 759 278 830 renburgius,
300 757 444 830 lllotzius,
468 757 641 831 Reneoldus,
662 758 782 817 Orcllius
805 778 858 835 pro
882 761 1026 822 lectissimi
1095 816 1099 824 .
1183 830 1187 852 ,

84 844 149 897 cia-i
170 841 378 914 appellatione,
401 841 595 916 quacicero,
618 841 644 898 si
665 842 768 900 ceteris
789 833 934 902 codicibus
957 863 1024 908 cre.

84 925 193 995 dimus,
217 925 253 991 io
269 923 355 978 tratre
373 938 424 980 suo
447 930 569 996 pretore
590 941 655 980 usus
676 930 729 999 cst,
750 927 899 992 rectissimi
915 945 950 984 cx
966 930 1023 988 iltis

85 1007 210 1064 scholiis
231 1005 440 1078 substituerunt,
464 1005 539 1079 quod
558 1006 723 1065 vocabulum
744 1008 852 1065 laudem
872 1003 956 1068 hahet
975 1011 1023 1071 iu-

84 1091 170 1160 genli
193 1102 249 1147 non
272 1088 394 1144 contorti
416 1089 568 1162 necapravi
598 1087 649 1164 (ιιι
672 1095 754 1163 quum
784 1091 901 1150 audeca
927 1101 1024 1152 rectora
1102 1116 1105 1128 ·
1135 1103 1140 1110 '

83 1173 196 1229 dicitur
216 1171 290 1246 apud
304 1171 418 1227 Plinium
438 1176 486 1226 aut
501 1188 582 1244 quum
603 1171 632 1228 b.
645 1173 740 1231 Gaesar
759 1175 858 1247 firmus
878 1183 907 1234 et
927 1183 1023 1236 rectus

20 1318 24 1331 ,
84 1272 102 1311 a
127 1255 268 1311 Cicerone
290 1254 464 1327 appellatur,
493 1253 528 1309 ad
553 1254 625 1310 Fam.
645 1254 713 1329 llll,
742 1255 787 1329 a),
818 1257 853 1316 ab
875 1255 932 1318 hoc
954 1257 1021 1318 loeo

21 1333 24 1342 ⁴
84 1343 118 1394 et
142 1337 178 1394 ab
199 1355 232 1394 re
255 1343 338 1409 atquc
360 1335 495 1392 sententia
518 1337 645 1394 alienam.
698 1338 767 1396 Nam
788 1357 869 1414 quum
892 1340 948 1399 hoc
969 1342 1020 1408 ct-

84 1437 158 1478 eero
187 1419 282 1490 dicat,
323 1418 445 1496 iudicum
469 1417 612 1476 consessui
637 1437 733 1494 parum
756 1424 907 1482 convenire
930 1424 1021 1484 videri

83 1503 246 1574 leviorum,
278 1507 308 1558 ut
330 1502 463 1582 llomanis
489 1501 608 1576 antiquis
630 1503 812 1578 videbantur,
842 1506 942 1565 artium
963 1513 1021 1567 tan

83 1585 202 1658 longam
224 1585 523 1656 commemorationem,
542 1585 671 1658 quoniam
686 1587 846 1646 severitatis
866 1588 938 1661 leus,
958 1607 1020 1666 que

83 1668 197 1727 levitati
217 1667 359 1724 contraria
381 1673 435 1739 est,
456 1665 605 1738 iudicibus,
628 1685 744 1742 quorum
764 1670 885 1732 muneris
906 1673 1019 1732 seueri-

49 1785 51 1792 ,
83 1756 131 1809 tas
152 1751 269 1826 propria
292 1757 345 1822 cst,
365 1749 503 1828 reservari
517 1749 621 1821 debet,
644 1756 803 1826 pretorem,
827 1753 944 1814 nemine
964 1754 1018 1813 ad-

83 1834 212 1892 iectione
236 1833 378 1905 nominet,
414 1831 550 1912 contmuui
578 1832 671 1909 aliqua
694 1834 776 1892 laude
798 1841 827 1893 et
847 1853 908 1910 quae
928 1838 1019 1911 matis

83 1918 123 1974 ad
144 1917 309 1988 dignitatem
334 1914 482 1990 pertineat,
504 1916 686 1990 cohonestat,
719 1918 844 1976 modeste
861 1926 952 1978 tamen
971 1921 1017 1984 le,
1092 1957 1095 1963 ·

83 2001 239 2057 ctissimum
259 1999 339 2070 dicit,
359 1998 472 2056 tratrem
495 2015 594 2056 verens
614 1999 815 2071 amplissimum
836 2000 1017 2080 appellare.¹,
1103 2038 1107 2052 ‹
1163 2057 1165 2064 ,

82 2084 202 2140 Pravius
223 2088 313 2139 tamen
330 2081 436 2152 multo,
450 2135 452 2140 ,
468 2097 549 2155 quam
580 2081 608 2139 in
630 2083 686 2140 hoc
709 2083 795 2155 loco,
822 2085 940 2143 scholiis
959 2086 1018 2147 illie

83 2165 218 2223 lllotzius'
234 2183 299 2222 usus
318 2171 361 2238 est
380 2162 409 2224 in
431 2165 558 2221 oratione
579 2181 632 2239 pro
652 2165 710 2222 llil.
732 2167 753 2236 s
778 2167 835 2241 12,
865 2166 913 2225 ubi
933 2185 1016 2243 quum
1065 2169 1067 2176 '

84 2250 272 2319 scholiastes,
306 2265 341 2305 oe
370 2247 457 2319 nimis,
480 2247 563 2305 multa
584 2247 669 2306 uerba
692 2248 881 2324 describeret,
912 2249 948 2310 ab
971 2253 1017 2312 bis
1110 2309 1113 2328 ,

86 2331 182 2388 verbis
205 2349 285 2387 orsus
310 2337 398 2386 esset:
433 2329 597 2404 appelletur,
614 2333 657 2388 ito
677 2347 756 2402 soce,
782 2349 816 2388 ao
839 2340 941 2410 tamen,
958 2351 1015 2410 quo

86 2421 227 2488 spectaret
246 2431 304 2471 vox
322 2416 377 2484 ito,
394 2414 581 2484 significasset
603 2415 698 2471 addito
717 2418 849 2487 potentio
868 2419 928 2486 (ito
944 2435 1016 2476 eune

82 2499 250 2570 potentio),
283 2497 339 2553 hoc
360 2485 420 2552 ille¹
433 2497 525 2552 editor
545 2496 574 2552 in
595 2497 740 2554 Ciceronis
762 2499 916 2557 orationem
932 2501 1014 2574 reei-

85 2597 155 2654 pere
177 2598 232 2636 nou
254 2580 404 2640 dubitavit:
428 2581 538 2649 (loesi
554 2581 685 2654 potentio
704 2587 748 2638 est
769 2581 942 2656 appellando
966 2613 1014 2654 ·-,

85 2663 246 2735 appelletur
264 2665 307 2719 ito
326 2679 397 2730 sone
413 2663 554 2740 potentio.

87 2827 97 2853 ¹
113 2822 194 2870 Nihilo
209 2823 292 2867 melias
307 2821 352 2866 hoo
366 2821 508 2866 adiectlvum
522 2827 607 2866 rector
627 2833 642 2864 o
660 2820 777 2866 codicibus
798 2826 823 2868 et
843 2825 1013 2872 reeenh'sslmlr

111 2877 240 2924 editoribus
259 2876 352 2921 obtrudi
372 2876 467 2920 videtur
487 2875 598 2930 Ciceroni
612 2875 636 2918 in
651 2876 756 2920 oratione
770 2888 812 2932 pro
826 2877 938 2924 Deiotaro
951 2885 963 2936 ι
977 2883 1012 2936 lt,

113 2930 153 2974 ubi
167 2929 200 2975 sie
212 2931 330 2986 scribunt:
353 2933 412 2984 Quis
424 2929 675 2973 consideratiorillol
689 2931 744 2985 pute
756 2929 869 2974 rectiori
886 2936 941 2990 qnia
949 2947 1011 2990 pru.

112 2986 229 3034 dentior?
243 2985 302 3032 Nam
311 2983 474 3028 reetcahomo
489 2996 574 3038 noque,
589 2983 888 3042 utStucrenburgiuavult,
900 2994 1012 3032 condano

112 3043 138 3084 et
164 3038 244 3094 gravis
263 3037 417 3094 instellilgitur,
444 3037 577 3081 temerario
596 3037 728 3080 contrarius
756 3038 856 3090 (sirenue
876 3046 900 3084 ct
924 3048 1012 3086 rectus

129 3105 183 3136 uum
198 3091 290 3143 dicitur,
305 3091 463 3147 significatur,
478 3094 572 3138 orecte
584 3090 624 3136 vie
638 3089 739 3145 aliquem
753 3091 832 3147 previa
846 3094 950 3138 consiliis
963 3107 1011 3140 rrorr

112 3105 251 3198 demoveri),
272 3159 363 3202 neque,
384 3149 411 3187 ut
425 3143 557 3188 Beneehios
571 3147 651 3198 putot,
672 3143 711 3199 qul
726 3148 791 3188 reete
804 3145 899 3192 iudicet.
926 3149 1012 3204 Neque
1039 3197 1041 3201 ,

112 3199 161 3248 hec
173 3205 220 3243 tam
233 3200 282 3244 leto
296 3203 379 3256 potone
392 3199 444 3242 laus
459 3202 524 3242 recte
539 3193 657 3241 iudicandi
672 3197 702 3240 ud
715 3197 777 3242 hunc
796 3199 872 3244 locum
890 3205 945 3258 opto
963 3208 1010 3247 est.
1039 3217 1041 3226 ’

113 3253 179 3307 Quod
193 3257 270 3296 autem
284 3254 377 3296 retecti
390 3251 495 3295 hominia
509 3264 523 3294 e
539 3251 666 3307 pellationo
687 3249 789 3295 honesto
802 3253 916 3297 canticula
936 3254 1011 3298 notio·

113 3319 166 3352 nom
184 3307 311 3351 excludere
330 3311 457 3360 conentur,
477 3311 503 3348 ut
519 3265 666 3349 fraudolenti
688 3305 759 3348 animi
776 3306 924 3363 relinquetur
942 3307 1013 3364 (quod

112 3371 237 3406 oeconrns
253 3367 276 3402 st
292 3367 375 3404 tectos
390 3359 415 3402 in
429 3359 570 3402 deteriorem
598 3363 674 3402 ortem
686 3357 793 3412 dicitnr).
810 3360 901 3405 frustm
913 3373 1013 3417 prorsus

112 3414 228 3459 nitantur.
261 3414 321 3463 Nem
335 3425 411 3468 neque
425 3412 526 3468 Philipp.
540 3373 609 3463 xiib,
633 3411 744 3456 finietur·
758 3412 874 3469 eripient,
897 3415 972 3458 locum
986 3421 1013 3460 et

111 3467 219 3512 Vaticani
234 3467 319 3511 codicis
332 3480 348 3510 a
378 3467 436 3510 rima
448 3479 518 3510 monu
532 3465 648 3522 scripture
661 3469 687 3509 ct
698 3465 752 3522 ipsu
763 3472 895 3512 ceterorum
906 3467 1012 3525 interpo-

112 3520 199 3566 latione
216 3480 375 3576 (protecttcrg
391 3519 504 3564 munitum
518 3524 543 3572 ct
556 3519 687 3572 sententio,
711 3532 726 3562 o
739 3532 786 3575 quo
798 3526 823 3563 et
836 3520 973 3565 constantim
987 3527 1013 3567 et

113 3575 171 3620 recti
191 3573 271 3618 iudicii
291 3573 430 3630 significatio
444 3572 572 3625 abhorret,
594 3587 670 3630 oeque
684 3575 704 3618 ll
719 3573 749 3616 de
763 3575 828 3618 orat.
841 3575 882 3618 ιιι
896 3573 1014 3632 efficient,

113 3633 139 3673 ot
152 3628 287 3684 Antonine,
308 3627 377 3672 coloe
393 3638 466 3680 genos
481 3627 529 3680 lll,
549 3629 577 3671 ιι
586 3629 762 3684 premunitum
777 3633 801 3669 et
816 3641 847 3670 ee
862 3629 929 3672 amal
938 3636 1013 3684 porte

114 3689 217 3738 septum
237 3681 383 3738 appellatur,
410 3675 447 3725 hic
470 3680 546 3738 potius
565 3681 719 3726 rectissimus
740 3679 765 3722 in
779 3679 878 3726 dicende
897 3681 930 3735 (ld
947 3686 1012 3727 esset
1086 3718 1088 3728 .

113 3749 162 3782 aon
176 3738 326 3791 affectatus,
355 3740 382 3779 ut
395 3736 496 3781 cesaris
510 3733 669 3778 commentarii
686 3748 701 3777 a
715 3733 830 3778 cicerone
849 3737 915 3780 recti
927 3748 1014 3780 vocen·
1055 3751 1057 3754 ·

113 3789 167 3858 tur),
182 3801 253 3890 guam
267 3791 419 3834 tectissimua
429 3789 538 3855 ‘dicatur'
559 3788 620 3832 Nam
634 3793 716 3852 tectus
730 3789 775 3841 est,
788 3786 838 3844 qui,
850 3794 876 3862 ut
889 3788 922 3834 eit
936 3789 1012 3836 llore-

112 3851 158 3891 true
172 3846 182 3898 (
200 3847 235 3889 ct.
250 3843 270 3900 l,
283 3845 305 3899 ι,
319 3841 363 3899 to),
377 3843 436 3890 nnllr
447 3843 510 3890 melo
521 3843 583 3888 letus
598 3841 660 3888 otta
674 3844 788 3897 oportum.

781 3950 813 4018 po
