<?xml version="1.0" encoding="UTF-8"?>
<!DOCTYPE html PUBLIC "-//W3C//DTD XHTML 1.0 Transitional//EN"
    "http://www.w3.org/TR/xhtml1/DTD/xhtml1-transitional.dtd">
<html xmlns="http://www.w3.org/1999/xhtml" xml:lang="en" lang="en">
 <head>
  <title>
</title>
<meta http-equiv="Content-Type" content="text/html;charset=utf-8" />
  <meta name='ocr-system' content='tesseract 3.04.00' />
  <meta name='ocr-capabilities' content='ocr_page ocr_carea ocr_par ocr_line ocrx_word'/>
</head>
<body>
  <div class='ocr_page' id='page_1' title='image "./orationesselect00madvgoog_0022.png"; bbox 0 0 2546 4310; ppageno 0'>
   <div class='ocr_carea' id='block_1_1' title="bbox 904 255 956 306">
    <p class='ocr_par' dir='ltr' id='par_1_1' title="bbox 904 255 956 306">
     <span class='ocr_line' id='line_1_1' title="bbox 904 255 956 306; baseline 0 0"><span class='ocrx_word' id='word_1_1' title='bbox 904 255 956 306; x_wconf 78' lang='lat' dir='ltr'><strong>XV</strong></span> 
     </span>
    </p>
   </div>
   <div class='ocr_carea' id='block_1_2' title="bbox 73 408 1103 486">
    <p class='ocr_par' dir='ltr' id='par_1_2' title="bbox 73 408 1103 486">
     <span class='ocr_line' id='line_1_2' title="bbox 73 408 1103 486; baseline -0.001 -19"><span class='ocrx_word' id='word_1_2' title='bbox 73 411 122 486; x_wconf 86' lang='lat' dir='ltr'><strong>qui</strong></span> <span class='ocrx_word' id='word_1_3' title='bbox 149 409 213 467; x_wconf 89' lang='lat' dir='ltr'><strong>alibi</strong></span> <span class='ocrx_word' id='word_1_4' title='bbox 238 413 314 467; x_wconf 87' lang='lat' dir='ltr'><strong>recte</strong></span> <span class='ocrx_word' id='word_1_5' title='bbox 336 410 491 480; x_wconf 70' lang='lat' dir='ltr'><strong>laudantur,</strong></span> <span class='ocrx_word' id='word_1_6' title='bbox 514 408 741 486; x_wconf 81' lang='lat' dir='ltr'><strong>depravationem</strong></span> <span class='ocrx_word' id='word_1_7' title='bbox 764 415 791 464; x_wconf 87' lang='lat' dir='ltr'><strong>et</strong></span> <span class='ocrx_word' id='word_1_8' title='bbox 813 409 848 481; x_wconf 88' lang='lat' dir='ltr'><strong>ad</strong></span> <span class='ocrx_word' id='word_1_9' title='bbox 870 409 1013 466; x_wconf 83' lang='lat' dir='ltr'><strong>editorum.</strong></span> <span class='ocrx_word' id='word_1_10' title='bbox 1101 473 1103 484; x_wconf 59' lang='lat'><strong>,</strong></span> 
     </span>
    </p>
   </div>
   <div class='ocr_carea' id='block_1_3' title="bbox 69 492 1088 3324">
    <p class='ocr_par' dir='ltr' id='par_1_3' title="bbox 69 492 1007 1318">
     <span class='ocr_line' id='line_1_3' title="bbox 73 492 1007 566; baseline -0.003 -15"><span class='ocrx_word' id='word_1_11' title='bbox 73 493 331 552; x_wconf 78' lang='lat' dir='ltr'><strong>secretissimorum</strong></span> <span class='ocrx_word' id='word_1_12' title='bbox 352 492 450 550; x_wconf 91' lang='lat' dir='ltr'><strong>iudicii</strong></span> <span class='ocrx_word' id='word_1_13' title='bbox 472 495 635 566; x_wconf 74' lang='lat' dir='ltr'><strong>pravitatem</strong></span> <span class='ocrx_word' id='word_1_14' title='bbox 651 493 855 564; x_wconf 80' lang='lat' dir='ltr'><strong>declarandam,</strong></span> <span class='ocrx_word' id='word_1_15' title='bbox 877 494 929 548; x_wconf 89' lang='lat' dir='ltr'><strong>nisi</strong></span> <span class='ocrx_word' id='word_1_16' title='bbox 951 495 1007 549; x_wconf 86' lang='lat' dir='ltr'><strong>ad-</strong></span> 
     </span>
     <span class='ocr_line' id='line_1_4' title="bbox 72 571 1007 650; baseline -0.001 -16"><span class='ocrx_word' id='word_1_17' title='bbox 72 578 194 648; x_wconf 90' lang='lat' dir='ltr'><strong>didero,</strong></span> <span class='ocrx_word' id='word_1_18' title='bbox 213 576 311 650; x_wconf 84' lang='lat' dir='ltr'><strong>paucis</strong></span> <span class='ocrx_word' id='word_1_19' title='bbox 332 593 416 650; x_wconf 90' lang='lat' dir='ltr'><strong>supra</strong></span> <span class='ocrx_word' id='word_1_20' title='bbox 438 571 581 648; x_wconf 82' lang='lat' dir='ltr'><strong>versibus,</strong></span> <span class='ocrx_word' id='word_1_21' title='bbox 603 578 649 633; x_wconf 93' lang='lat' dir='ltr'><strong>ubi</strong></span> <span class='ocrx_word' id='word_1_22' title='bbox 667 583 731 632; x_wconf 88' lang='lat' dir='ltr'><strong>est:</strong></span> <span class='ocrx_word' id='word_1_23' title='bbox 772 593 830 632; x_wconf 83' lang='lat' dir='ltr'><strong>non</strong></span> <span class='ocrx_word' id='word_1_24' title='bbox 850 575 935 632; x_wconf 83' lang='lat' dir='ltr'><strong>modo</strong></span> <span class='ocrx_word' id='word_1_25' title='bbox 955 593 1007 633; x_wconf 86' lang='lat' dir='ltr'><strong>ne-</strong></span> 
     </span>
     <span class='ocr_line' id='line_1_5' title="bbox 73 657 1006 734; baseline -0.001 -16"><span class='ocrx_word' id='word_1_26' title='bbox 73 669 211 734; x_wconf 83' lang='lat' dir='ltr'><strong>quam-et</strong></span> <span class='ocrx_word' id='word_1_27' title='bbox 231 657 391 734; x_wconf 80' lang='lat' dir='ltr'><strong>improbus,</strong></span> <span class='ocrx_word' id='word_1_28' title='bbox 413 659 464 716; x_wconf 84' lang='lat' dir='ltr'><strong>sed</strong></span> <span class='ocrx_word' id='word_1_29' title='bbox 484 663 570 717; x_wconf 84' lang='lat' dir='ltr'><strong>etium</strong></span> <span class='ocrx_word' id='word_1_30' title='bbox 592 659 691 730; x_wconf 80' lang='lat' dir='ltr'><strong>saluus</strong></span> <span class='ocrx_word' id='word_1_31' title='bbox 713 667 740 716; x_wconf 83' lang='lat' dir='ltr'><strong>et</strong></span> <span class='ocrx_word' id='word_1_32' title='bbox 761 675 858 718; x_wconf 79' lang='lat' dir='ltr'><strong>amessa</strong></span> <span class='ocrx_word' id='word_1_33' title='bbox 880 676 929 730; x_wconf 84' lang='lat' dir='ltr'><strong>cs,</strong></span> <span class='ocrx_word' id='word_1_34' title='bbox 952 677 1006 717; x_wconf 88' lang='lat' dir='ltr'><strong>ac-</strong></span> 
     </span>
     <span class='ocr_line' id='line_1_6' title="bbox 74 743 1005 817; baseline 0 -17"><span class='ocrx_word' id='word_1_35' title='bbox 74 750 173 801; x_wconf 87' lang='lat' dir='ltr'><strong>curate</strong></span> <span class='ocrx_word' id='word_1_36' title='bbox 190 743 286 801; x_wconf 86' lang='lat' dir='ltr'><strong>relatis</strong></span> <span class='ocrx_word' id='word_1_37' title='bbox 308 743 380 801; x_wconf 88' lang='lat' dir='ltr'><strong>inter</strong></span> <span class='ocrx_word' id='word_1_38' title='bbox 401 760 432 800; x_wconf 83' lang='lat' dir='ltr'><strong>se</strong></span> <span class='ocrx_word' id='word_1_39' title='bbox 453 744 655 802; x_wconf 85' lang='lat' dir='ltr'><strong>adieclivorum</strong></span> <span class='ocrx_word' id='word_1_40' title='bbox 681 745 793 817; x_wconf 89' lang='lat' dir='ltr'><strong>paribus</strong></span> <span class='ocrx_word' id='word_1_41' title='bbox 815 746 910 817; x_wconf 88' lang='lat' dir='ltr'><strong>(quam</strong></span> <span class='ocrx_word' id='word_1_42' title='bbox 931 745 1005 800; x_wconf 87' lang='lat' dir='ltr'><strong>scri·-</strong></span> 
     </span>
     <span class='ocr_line' id='line_1_7' title="bbox 71 825 1004 904; baseline -0.001 -21"><span class='ocrx_word' id='word_1_43' title='bbox 71 834 183 901; x_wconf 86' lang='lat' dir='ltr'><strong>pturam</strong></span> <span class='ocrx_word' id='word_1_44' title='bbox 205 829 368 904; x_wconf 79' lang='lat' dir='ltr'><strong>confirmant</strong></span> <span class='ocrx_word' id='word_1_45' title='bbox 391 833 494 902; x_wconf 78' lang='lat' dir='ltr'><strong>prater</strong></span> <span class='ocrx_word' id='word_1_46' title='bbox 522 828 593 884; x_wconf 87' lang='lat' dir='ltr'><strong>alios</strong></span> <span class='ocrx_word' id='word_1_47' title='bbox 617 827 794 890; x_wconf 80' lang='lat' dir='ltr'><strong>coloniensis</strong></span> <span class='ocrx_word' id='word_1_48' title='bbox 816 833 845 883; x_wconf 91' lang='lat' dir='ltr'><strong>et</strong></span> <span class='ocrx_word' id='word_1_49' title='bbox 865 825 1004 883; x_wconf 82' lang='lat' dir='ltr'><strong>Gudianus</strong></span> 
     </span>
     <span class='ocr_line' id='line_1_8' title="bbox 73 911 1005 984; baseline 0.001 -18"><span class='ocrx_word' id='word_1_50' title='bbox 73 912 101 982; x_wconf 95' lang='lat' dir='ltr'><strong>l,</strong></span> <span class='ocrx_word' id='word_1_51' title='bbox 139 911 194 967; x_wconf 86' lang='lat' dir='ltr'><strong>nisi</strong></span> <span class='ocrx_word' id='word_1_52' title='bbox 216 911 397 984; x_wconf 83' lang='lat' dir='ltr'><strong>quodetiam</strong></span> <span class='ocrx_word' id='word_1_53' title='bbox 420 912 565 980; x_wconf 88' lang='lat' dir='ltr'><strong>omittunt,</strong></span> <span class='ocrx_word' id='word_1_54' title='bbox 599 911 673 982; x_wconf 88' lang='lat' dir='ltr'><strong>qood</strong></span> <span class='ocrx_word' id='word_1_55' title='bbox 695 917 788 984; x_wconf 87' lang='lat' dir='ltr'><strong>potest</strong></span> <span class='ocrx_word' id='word_1_56' title='bbox 811 911 942 983; x_wconf 88' lang='lat' dir='ltr'><strong>abesse),</strong></span> <span class='ocrx_word' id='word_1_57' title='bbox 976 911 1005 967; x_wconf 91' lang='lat' dir='ltr'><strong>io</strong></span> 
     </span>
     <span class='ocr_line' id='line_1_9' title="bbox 72 984 1004 1068; baseline 0 -18"><span class='ocrx_word' id='word_1_58' title='bbox 72 993 137 1052; x_wconf 89' lang='lat' dir='ltr'><strong>cod.</strong></span> <span class='ocrx_word' id='word_1_59' title='bbox 162 994 239 1065; x_wconf 70' lang='lat' dir='ltr'><strong>urs,</strong></span> <span class='ocrx_word' id='word_1_60' title='bbox 272 991 341 1050; x_wconf 77' lang='lat' dir='ltr'><strong>cad.</strong></span> <span class='ocrx_word' id='word_1_61' title='bbox 363 997 402 1066; x_wconf 79' lang='lat'><strong>2,</strong></span> <span class='ocrx_word' id='word_1_62' title='bbox 433 995 535 1052; x_wconf 87' lang='lat' dir='ltr'><strong>Salisb.</strong></span> <span class='ocrx_word' id='word_1_63' title='bbox 556 995 688 1068; x_wconf 90' lang='lat' dir='ltr'><strong>scriplum</strong></span> <span class='ocrx_word' id='word_1_64' title='bbox 711 1011 790 1050; x_wconf 86' lang='lat' dir='ltr'><strong>esse:</strong></span> <span class='ocrx_word' id='word_1_65' title='bbox 834 984 892 1049; x_wconf 82' lang='lat' dir='ltr'><strong>non</strong></span> <span class='ocrx_word' id='word_1_66' title='bbox 919 991 1004 1050; x_wconf 87' lang='lat' dir='ltr'><strong>modo</strong></span> 
     </span>
     <span class='ocr_line' id='line_1_10' title="bbox 69 1075 1004 1152; baseline -0.001 -19"><span class='ocrx_word' id='word_1_67' title='bbox 69 1095 195 1152; x_wconf 71' lang='lat' dir='ltr'><strong>nepsam</strong></span> <span class='ocrx_word' id='word_1_68' title='bbox 225 1085 254 1133; x_wconf 82' lang='lat' dir='ltr'><strong>ct</strong></span> <span class='ocrx_word' id='word_1_69' title='bbox 278 1075 423 1149; x_wconf 77' lang='lat' dir='ltr'><strong>improbus</strong></span> <span class='ocrx_word' id='word_1_70' title='bbox 454 1085 482 1134; x_wconf 86' lang='lat' dir='ltr'><strong>et</strong></span> <span class='ocrx_word' id='word_1_71' title='bbox 501 1077 619 1147; x_wconf 77' lang='lat' dir='ltr'><strong>fatuus,</strong></span> <span class='ocrx_word' id='word_1_72' title='bbox 653 1077 706 1133; x_wconf 83' lang='lat' dir='ltr'><strong>sed</strong></span> <span class='ocrx_word' id='word_1_73' title='bbox 732 1080 818 1133; x_wconf 80' lang='lat' dir='ltr'><strong>ctiam</strong></span> <span class='ocrx_word' id='word_1_74' title='bbox 847 1091 943 1132; x_wconf 79' lang='lat' dir='ltr'><strong>omens</strong></span> <span class='ocrx_word' id='word_1_75' title='bbox 964 1093 1004 1145; x_wconf 82' lang='lat' dir='ltr'><strong>es,</strong></span> 
     </span>
     <span class='ocr_line' id='line_1_11' title="bbox 73 1161 1003 1235; baseline -0.001 -19"><span class='ocrx_word' id='word_1_76' title='bbox 73 1177 190 1235; x_wconf 86' lang='lat' dir='ltr'><strong>eamque</strong></span> <span class='ocrx_word' id='word_1_77' title='bbox 211 1161 347 1217; x_wconf 75' lang='lat' dir='ltr'><strong>fatuitatis</strong></span> <span class='ocrx_word' id='word_1_78' title='bbox 372 1161 406 1216; x_wconf 92' lang='lat' dir='ltr'><strong>ab</strong></span> <span class='ocrx_word' id='word_1_79' title='bbox 432 1164 549 1218; x_wconf 88' lang='lat' dir='ltr'><strong>amentia</strong></span> <span class='ocrx_word' id='word_1_80' title='bbox 574 1161 788 1229; x_wconf 88' lang='lat' dir='ltr'><strong>abiunctionem,</strong></span> <span class='ocrx_word' id='word_1_81' title='bbox 810 1161 845 1217; x_wconf 89' lang='lat' dir='ltr'><strong>ad</strong></span> <span class='ocrx_word' id='word_1_82' title='bbox 867 1161 1003 1234; x_wconf 90' lang='lat' dir='ltr'><strong>improbi-</strong></span> 
     </span>
     <span class='ocr_line' id='line_1_12' title="bbox 72 1243 835 1318; baseline 0.003 -18"><span class='ocrx_word' id='word_1_83' title='bbox 72 1251 159 1301; x_wconf 86' lang='lat' dir='ltr'><strong>tatem</strong></span> <span class='ocrx_word' id='word_1_84' title='bbox 181 1250 272 1301; x_wconf 88' lang='lat' dir='ltr'><strong>aulem</strong></span> <span class='ocrx_word' id='word_1_85' title='bbox 298 1245 502 1302; x_wconf 89' lang='lat' dir='ltr'><strong>adiunctionem</strong></span> <span class='ocrx_word' id='word_1_86' title='bbox 525 1245 664 1318; x_wconf 80' lang='lat' dir='ltr'><strong>placuisse</strong></span> <span class='ocrx_word' id='word_1_87' title='bbox 686 1243 835 1302; x_wconf 82' lang='lat' dir='ltr'><strong>beneckic.</strong></span> 
     </span>
    </p>

    <p class='ocr_par' dir='ltr' id='par_1_4' title="bbox 72 1326 1065 2576">
     <span class='ocr_line' id='line_1_13' title="bbox 158 1326 1003 1401; baseline -0.002 -17"><span class='ocrx_word' id='word_1_88' title='bbox 158 1329 242 1396; x_wconf 73' lang='lat'><strong>§23</strong></span> <span class='ocrx_word' id='word_1_89' title='bbox 263 1328 381 1398; x_wconf 85' lang='lat' dir='ltr'><strong>iisdem,</strong></span> <span class='ocrx_word' id='word_1_90' title='bbox 403 1344 473 1401; x_wconf 89' lang='lat' dir='ltr'><strong>quos</strong></span> <span class='ocrx_word' id='word_1_91' title='bbox 495 1344 570 1401; x_wconf 81' lang='lat' dir='ltr'><strong>soepe</strong></span> <span class='ocrx_word' id='word_1_92' title='bbox 593 1329 723 1399; x_wconf 89' lang='lat' dir='ltr'><strong>nomino,</strong></span> <span class='ocrx_word' id='word_1_93' title='bbox 754 1327 900 1384; x_wconf 90' lang='lat' dir='ltr'><strong>codicibus</strong></span> <span class='ocrx_word' id='word_1_94' title='bbox 919 1326 1003 1398; x_wconf 78' lang='lat' dir='ltr'><strong>(Eri,</strong></span> 
     </span>
     <span class='ocr_line' id='line_1_14' title="bbox 72 1408 1003 1485; baseline 0 -19"><span class='ocrx_word' id='word_1_95' title='bbox 72 1409 141 1468; x_wconf 83' lang='lat' dir='ltr'><strong>Gud.</strong></span> <span class='ocrx_word' id='word_1_96' title='bbox 157 1413 189 1482; x_wconf 72' lang='lat'><strong>2,</strong></span> <span class='ocrx_word' id='word_1_97' title='bbox 208 1409 319 1484; x_wconf 72' lang='lat' dir='ltr'><strong>salisb,</strong></span> <span class='ocrx_word' id='word_1_98' title='bbox 341 1412 402 1468; x_wconf 87' lang='lat' dir='ltr'><strong>Par.</strong></span> <span class='ocrx_word' id='word_1_99' title='bbox 420 1408 472 1484; x_wconf 82' lang='lat' dir='ltr'><strong>ill)</strong></span> <span class='ocrx_word' id='word_1_100' title='bbox 489 1417 517 1466; x_wconf 89' lang='lat' dir='ltr'><strong>et</strong></span> <span class='ocrx_word' id='word_1_101' title='bbox 532 1414 680 1485; x_wconf 85' lang='lat' dir='ltr'><strong>perpaucis</strong></span> <span class='ocrx_word' id='word_1_102' title='bbox 699 1411 761 1467; x_wconf 89' lang='lat' dir='ltr'><strong>aliis</strong></span> <span class='ocrx_word' id='word_1_103' title='bbox 777 1418 906 1484; x_wconf 87' lang='lat' dir='ltr'><strong>parentes</strong></span> <span class='ocrx_word' id='word_1_104' title='bbox 920 1411 1003 1467; x_wconf 83' lang='lat' dir='ltr'><strong>illot-</strong></span> 
     </span>
     <span class='ocr_line' id='line_1_15' title="bbox 73 1493 1002 1567; baseline 0.001 -19"><span class='ocrx_word' id='word_1_105' title='bbox 73 1495 132 1552; x_wconf 83' lang='lat' dir='ltr'><strong>aius</strong></span> <span class='ocrx_word' id='word_1_106' title='bbox 148 1500 177 1552; x_wconf 87' lang='lat' dir='ltr'><strong>el</strong></span> <span class='ocrx_word' id='word_1_107' title='bbox 188 1495 326 1552; x_wconf 89' lang='lat' dir='ltr'><strong>Soldanus</strong></span> <span class='ocrx_word' id='word_1_108' title='bbox 339 1493 503 1552; x_wconf 85' lang='lat' dir='ltr'><strong>Ciceronem</strong></span> <span class='ocrx_word' id='word_1_109' title='bbox 514 1510 588 1552; x_wconf 90' lang='lat' dir='ltr'><strong>novo</strong></span> <span class='ocrx_word' id='word_1_110' title='bbox 600 1494 729 1567; x_wconf 84' lang='lat' dir='ltr'><strong>loquendi</strong></span> <span class='ocrx_word' id='word_1_111' title='bbox 742 1501 1002 1565; x_wconf 65' lang='lat' dir='ltr'><strong>concremuerunt,</strong></span> 
     </span>
     <span class='ocr_line' id='line_1_16' title="bbox 74 1575 1065 1651; baseline -0.002 -17"><span class='ocrx_word' id='word_1_112' title='bbox 74 1595 156 1651; x_wconf 88' lang='lat' dir='ltr'><strong>quom</strong></span> <span class='ocrx_word' id='word_1_113' title='bbox 172 1578 360 1651; x_wconf 86' lang='lat' dir='ltr'><strong>scripserunt:</strong></span> <span class='ocrx_word' id='word_1_114' title='bbox 383 1579 433 1650; x_wconf 78' lang='lat' dir='ltr'><strong>qai</strong></span> <span class='ocrx_word' id='word_1_115' title='bbox 455 1577 531 1634; x_wconf 82' lang='lat' dir='ltr'><strong>dicto</strong></span> <span class='ocrx_word' id='word_1_116' title='bbox 554 1575 716 1634; x_wconf 63' lang='lat' dir='ltr'><strong>westwales</strong></span> <span class='ocrx_word' id='word_1_117' title='bbox 737 1579 768 1632; x_wconf 84' lang='lat' dir='ltr'><strong>in</strong></span> <span class='ocrx_word' id='word_1_118' title='bbox 790 1585 872 1633; x_wconf 83' lang='lat' dir='ltr'><strong>lanta</strong></span> <span class='ocrx_word' id='word_1_119' title='bbox 891 1593 924 1633; x_wconf 82' lang='lat' dir='ltr'><strong>re</strong></span> <span class='ocrx_word' id='word_1_120' title='bbox 944 1593 1002 1633; x_wconf 87' lang='lat' dir='ltr'><strong>noo</strong></span> <span class='ocrx_word' id='word_1_121' title='bbox 1064 1597 1065 1609; x_wconf 53' lang='lat'>¹</span> 
     </span>
     <span class='ocr_line' id='line_1_17' title="bbox 72 1661 1002 1734; baseline -0.002 -16"><span class='ocrx_word' id='word_1_122' title='bbox 72 1661 205 1730; x_wconf 72' lang='lat' dir='ltr'><strong>scissem.</strong></span> <span class='ocrx_word' id='word_1_123' title='bbox 252 1661 320 1717; x_wconf 83' lang='lat' dir='ltr'><strong>Nam</strong></span> <span class='ocrx_word' id='word_1_124' title='bbox 342 1667 423 1717; x_wconf 87' lang='lat' dir='ltr'><strong>antea</strong></span> <span class='ocrx_word' id='word_1_125' title='bbox 442 1661 565 1724; x_wconf 86' lang='lat' dir='ltr'><strong>Plautum</strong></span> <span class='ocrx_word' id='word_1_126' title='bbox 587 1677 643 1717; x_wconf 90' lang='lat' dir='ltr'><strong>uno</strong></span> <span class='ocrx_word' id='word_1_127' title='bbox 665 1662 730 1718; x_wconf 92' lang='lat' dir='ltr'><strong>loco</strong></span> <span class='ocrx_word' id='word_1_128' title='bbox 749 1677 847 1717; x_wconf 87' lang='lat' dir='ltr'><strong>versus</strong></span> <span class='ocrx_word' id='word_1_129' title='bbox 868 1661 1002 1734; x_wconf 84' lang='lat' dir='ltr'><strong>explendi</strong></span> 
     </span>
     <span class='ocr_line' id='line_1_18' title="bbox 74 1743 1064 1818; baseline 0 -18"><span class='ocrx_word' id='word_1_130' title='bbox 74 1761 157 1802; x_wconf 87' lang='lat' dir='ltr'><strong>causa</strong></span> <span class='ocrx_word' id='word_1_131' title='bbox 186 1744 229 1801; x_wconf 89' lang='lat' dir='ltr'><strong>sic</strong></span> <span class='ocrx_word' id='word_1_132' title='bbox 254 1745 360 1801; x_wconf 82' lang='lat' dir='ltr'><strong>dixisse</strong></span> <span class='ocrx_word' id='word_1_133' title='bbox 383 1745 554 1818; x_wconf 86' lang='lat' dir='ltr'><strong>putabamus.</strong></span> <span class='ocrx_word' id='word_1_134' title='bbox 607 1743 776 1813; x_wconf 78' lang='lat' dir='ltr'><strong>(danoaldus</strong></span> <span class='ocrx_word' id='word_1_135' title='bbox 804 1750 895 1800; x_wconf 85' lang='lat' dir='ltr'><strong>lamen</strong></span> <span class='ocrx_word' id='word_1_136' title='bbox 917 1744 1001 1800; x_wconf 83' lang='lat' dir='ltr'><strong>etiam</strong></span> <span class='ocrx_word' id='word_1_137' title='bbox 1059 1801 1064 1817; x_wconf 65' lang='lat'><strong>,</strong></span> 
     </span>
     <span class='ocr_line' id='line_1_19' title="bbox 74 1826 1002 1900; baseline 0 -18"><span class='ocrx_word' id='word_1_138' title='bbox 74 1827 142 1885; x_wconf 84' lang='lat' dir='ltr'><strong>bivii</strong></span> <span class='ocrx_word' id='word_1_139' title='bbox 167 1829 362 1886; x_wconf 73' lang='lat' dir='ltr'><strong>auctor-italam</strong></span> <span class='ocrx_word' id='word_1_140' title='bbox 384 1827 511 1900; x_wconf 81' lang='lat' dir='ltr'><strong>adiungit</strong></span> <span class='ocrx_word' id='word_1_141' title='bbox 533 1843 568 1884; x_wconf 83' lang='lat' dir='ltr'><strong>ex</strong></span> <span class='ocrx_word' id='word_1_142' title='bbox 590 1827 634 1900; x_wconf 80' lang='lat' dir='ltr'><strong>tl,</strong></span> <span class='ocrx_word' id='word_1_143' title='bbox 648 1829 679 1899; x_wconf 86' lang='lat'><strong>3,</strong></span> <span class='ocrx_word' id='word_1_144' title='bbox 703 1827 751 1884; x_wconf 91' lang='lat' dir='ltr'><strong>ubi</strong></span> <span class='ocrx_word' id='word_1_145' title='bbox 772 1834 833 1884; x_wconf 81' lang='lat' dir='ltr'><strong>est:</strong></span> <span class='ocrx_word' id='word_1_146' title='bbox 866 1843 903 1883; x_wconf 85' lang='lat' dir='ltr'><strong>ne</strong></span> <span class='ocrx_word' id='word_1_147' title='bbox 919 1826 1002 1899; x_wconf 85' lang='lat' dir='ltr'><strong>plebs</strong></span> 
     </span>
     <span class='ocr_line' id='line_1_20' title="bbox 73 1907 998 1984; baseline 0.002 -19"><span class='ocrx_word' id='word_1_148' title='bbox 73 1909 155 1968; x_wconf 69' lang='lat' dir='ltr'><strong>soto</strong></span> <span class='ocrx_word' id='word_1_149' title='bbox 177 1911 255 1968; x_wconf 84' lang='lat' dir='ltr'><strong>dicto</strong></span> <span class='ocrx_word' id='word_1_150' title='bbox 278 1911 397 1968; x_wconf 66' lang='lat' dir='ltr'><strong>codices</strong></span> <span class='ocrx_word' id='word_1_151' title='bbox 419 1920 506 1984; x_wconf 82' lang='lat' dir='ltr'><strong>atquc</strong></span> <span class='ocrx_word' id='word_1_152' title='bbox 528 1909 662 1968; x_wconf 82' lang='lat' dir='ltr'><strong>obediens</strong></span> <span class='ocrx_word' id='word_1_153' title='bbox 682 1913 736 1983; x_wconf 79' lang='lat' dir='ltr'><strong>rit,</strong></span> <span class='ocrx_word' id='word_1_154' title='bbox 766 1912 836 1970; x_wconf 88' lang='lat' dir='ltr'><strong>miro</strong></span> <span class='ocrx_word' id='word_1_155' title='bbox 859 1907 998 1977; x_wconf 85' lang='lat' dir='ltr'><strong>errore).¹</strong></span> 
     </span>
     <span class='ocr_line' id='line_1_21' title="bbox 74 1995 1002 2068; baseline -0.001 -18"><span class='ocrx_word' id='word_1_156' title='bbox 74 1995 247 2052; x_wconf 84' lang='lat' dir='ltr'><strong>llaniieslum</strong></span> <span class='ocrx_word' id='word_1_157' title='bbox 270 2000 329 2067; x_wconf 87' lang='lat' dir='ltr'><strong>est,</strong></span> <span class='ocrx_word' id='word_1_158' title='bbox 350 1995 374 2051; x_wconf 90' lang='lat' dir='ltr'><strong>si</strong></span> <span class='ocrx_word' id='word_1_159' title='bbox 396 1995 464 2068; x_wconf 87' lang='lat' dir='ltr'><strong>quid</strong></span> <span class='ocrx_word' id='word_1_160' title='bbox 485 2011 621 2068; x_wconf 89' lang='lat' dir='ltr'><strong>unquam,</strong></span> <span class='ocrx_word' id='word_1_161' title='bbox 643 1995 763 2067; x_wconf 88' lang='lat' dir='ltr'><strong>aliquem</strong></span> <span class='ocrx_word' id='word_1_162' title='bbox 785 2001 833 2050; x_wconf 88' lang='lat' dir='ltr'><strong>aut</strong></span> <span class='ocrx_word' id='word_1_163' title='bbox 856 1995 912 2052; x_wconf 89' lang='lat' dir='ltr'><strong>vim</strong></span> <span class='ocrx_word' id='word_1_164' title='bbox 934 2010 1002 2052; x_wconf 88' lang='lat' dir='ltr'><strong>ver-</strong></span> 
     </span>
     <span class='ocr_line' id='line_1_22' title="bbox 74 2077 1000 2152; baseline 0.001 -19"><span class='ocrx_word' id='word_1_165' title='bbox 74 2078 171 2136; x_wconf 88' lang='lat' dir='ltr'><strong>boram</strong></span> <span class='ocrx_word' id='word_1_166' title='bbox 203 2078 281 2134; x_wconf 82' lang='lat' dir='ltr'><strong>dicto</strong></span> <span class='ocrx_word' id='word_1_167' title='bbox 312 2078 461 2136; x_wconf 77' lang='lat' dir='ltr'><strong>audientes</strong></span> <span class='ocrx_word' id='word_1_168' title='bbox 495 2081 570 2152; x_wconf 81' lang='lat' dir='ltr'><strong>(qrroe</strong></span> <span class='ocrx_word' id='word_1_169' title='bbox 593 2083 655 2134; x_wconf 89' lang='lat' dir='ltr'><strong>sunl</strong></span> <span class='ocrx_word' id='word_1_170' title='bbox 686 2079 715 2135; x_wconf 90' lang='lat' dir='ltr'><strong>in</strong></span> <span class='ocrx_word' id='word_1_171' title='bbox 739 2077 809 2134; x_wconf 82' lang='lat' dir='ltr'><strong>(iud.</strong></span> <span class='ocrx_word' id='word_1_172' title='bbox 835 2081 851 2137; x_wconf 97' lang='lat' dir='ltr'><strong>l</strong></span> <span class='ocrx_word' id='word_1_173' title='bbox 883 2085 911 2134; x_wconf 86' lang='lat' dir='ltr'><strong>et</strong></span> <span class='ocrx_word' id='word_1_174' title='bbox 942 2084 1000 2134; x_wconf 90' lang='lat' dir='ltr'><strong>tota</strong></span> 
     </span>
     <span class='ocr_line' id='line_1_23' title="bbox 74 2159 1000 2237; baseline -0.002 -19"><span class='ocrx_word' id='word_1_175' title='bbox 74 2179 161 2237; x_wconf 85' lang='lat' dir='ltr'><strong>propa</strong></span> <span class='ocrx_word' id='word_1_176' title='bbox 195 2163 299 2219; x_wconf 78' lang='lat' dir='ltr'><strong>familia</strong></span> <span class='ocrx_word' id='word_1_177' title='bbox 330 2164 431 2231; x_wconf 81' lang='lat' dir='ltr'><strong>altera)</strong></span> <span class='ocrx_word' id='word_1_178' title='bbox 469 2163 627 2218; x_wconf 83' lang='lat' dir='ltr'><strong>declarasse</strong></span> <span class='ocrx_word' id='word_1_179' title='bbox 663 2160 788 2235; x_wconf 88' lang='lat' dir='ltr'><strong>ascripto</strong></span> <span class='ocrx_word' id='word_1_180' title='bbox 828 2159 1000 2232; x_wconf 82' lang='lat' dir='ltr'><strong>obedientes,</strong></span> 
     </span>
     <span class='ocr_line' id='line_1_24' title="bbox 74 2245 1058 2320; baseline 0 -20"><span class='ocrx_word' id='word_1_181' title='bbox 74 2246 154 2319; x_wconf 87' lang='lat' dir='ltr'><strong>idque</strong></span> <span class='ocrx_word' id='word_1_182' title='bbox 176 2261 231 2320; x_wconf 88' lang='lat' dir='ltr'><strong>pro</strong></span> <span class='ocrx_word' id='word_1_183' title='bbox 256 2245 403 2303; x_wconf 75' lang='lat' dir='ltr'><strong>audientes</strong></span> <span class='ocrx_word' id='word_1_184' title='bbox 423 2247 575 2302; x_wconf 87' lang='lat' dir='ltr'><strong>subiectum</strong></span> <span class='ocrx_word' id='word_1_185' title='bbox 601 2261 683 2316; x_wconf 90' lang='lat' dir='ltr'><strong>esse,</strong></span> <span class='ocrx_word' id='word_1_186' title='bbox 715 2251 778 2317; x_wconf 82' lang='lat' dir='ltr'><strong>aut&#39;,</strong></span> <span class='ocrx_word' id='word_1_187' title='bbox 809 2262 891 2317; x_wconf 83' lang='lat' dir='ltr'><strong>quum</strong></span> <span class='ocrx_word' id='word_1_188' title='bbox 916 2261 1001 2318; x_wconf 87' lang='lat' dir='ltr'><strong>pror·</strong></span> <span class='ocrx_word' id='word_1_189' title='bbox 1053 2281 1058 2291; x_wconf 48' lang='grc' dir='ltr'><em>ι</em></span> 
     </span>
     <span class='ocr_line' id='line_1_25' title="bbox 75 2328 1001 2402; baseline -0.002 -18"><span class='ocrx_word' id='word_1_190' title='bbox 75 2347 118 2385; x_wconf 85' lang='lat' dir='ltr'><strong>sus</strong></span> <span class='ocrx_word' id='word_1_191' title='bbox 141 2331 304 2402; x_wconf 78' lang='lat' dir='ltr'><strong>ignoraret,</strong></span> <span class='ocrx_word' id='word_1_192' title='bbox 335 2330 391 2386; x_wconf 86' lang='lat' dir='ltr'><strong>dici</strong></span> <span class='ocrx_word' id='word_1_193' title='bbox 418 2328 494 2386; x_wconf 88' lang='lat' dir='ltr'><strong>dicto</strong></span> <span class='ocrx_word' id='word_1_194' title='bbox 514 2329 647 2398; x_wconf 80' lang='lat' dir='ltr'><strong>audiens,</strong></span> <span class='ocrx_word' id='word_1_195' title='bbox 678 2329 847 2400; x_wconf 78' lang='lat' dir='ltr'><strong>coangendo</strong></span> <span class='ocrx_word' id='word_1_196' title='bbox 870 2329 1001 2385; x_wconf 84' lang='lat' dir='ltr'><strong>ellecisse</strong></span> 
     </span>
     <span class='ocr_line' id='line_1_26' title="bbox 77 2409 1000 2485; baseline 0.001 -18"><span class='ocrx_word' id='word_1_197' title='bbox 77 2411 150 2468; x_wconf 86' lang='lat' dir='ltr'><strong>dicto</strong></span> <span class='ocrx_word' id='word_1_198' title='bbox 184 2411 356 2471; x_wconf 76' lang='lat' dir='ltr'><strong>obedientes.</strong></span> <span class='ocrx_word' id='word_1_199' title='bbox 408 2413 480 2482; x_wconf 85' lang='lat' dir='ltr'><strong>(Eri.</strong></span> <span class='ocrx_word' id='word_1_200' title='bbox 502 2411 595 2470; x_wconf 81' lang='lat' dir='ltr'><strong>edicto</strong></span> <span class='ocrx_word' id='word_1_201' title='bbox 626 2409 804 2485; x_wconf 57' lang='lat' dir='ltr'><strong>obedientem</strong></span> <span class='ocrx_word' id='word_1_202' title='bbox 849 2413 920 2469; x_wconf 85' lang='lat' dir='ltr'>Oxx.</span> <span class='ocrx_word' id='word_1_203' title='bbox 944 2411 1000 2468; x_wconf 90' lang='lat' dir='ltr'><strong>duo</strong></span> 
     </span>
     <span class='ocr_line' id='line_1_27' title="bbox 76 2491 1007 2576; baseline 0 -26"><span class='ocrx_word' id='word_1_204' title='bbox 76 2494 281 2571; x_wconf 79' lang='lat' dir='ltr'><strong>obsequeotcs3</strong></span> <span class='ocrx_word' id='word_1_205' title='bbox 318 2502 435 2570; x_wconf 88' lang='lat' dir='ltr'><strong>apparet</strong></span> <span class='ocrx_word' id='word_1_206' title='bbox 453 2503 482 2553; x_wconf 90' lang='lat' dir='ltr'><strong>et</strong></span> <span class='ocrx_word' id='word_1_207' title='bbox 501 2497 629 2553; x_wconf 87' lang='lat' dir='ltr'><strong>doctrina</strong></span> <span class='ocrx_word' id='word_1_208' title='bbox 651 2495 827 2552; x_wconf 84' lang='lat' dir='ltr'><strong>librariorum</strong></span> <span class='ocrx_word' id='word_1_209' title='bbox 846 2502 874 2552; x_wconf 86' lang='lat' dir='ltr'><strong>et</strong></span> <span class='ocrx_word' id='word_1_210' title='bbox 896 2491 979 2576; x_wconf 85' lang='lat' dir='ltr'><strong>mos.)</strong></span> <span class='ocrx_word' id='word_1_211' title='bbox 1004 2518 1007 2534; x_wconf 60' lang='grc' dir='ltr'>ι</span> 
     </span>
    </p>

    <p class='ocr_par' dir='ltr' id='par_1_5' title="bbox 76 2577 1088 3324">
     <span class='ocr_line' id='line_1_28' title="bbox 163 2577 1000 2651; baseline -0.005 -13"><span class='ocrx_word' id='word_1_212' title='bbox 163 2579 247 2651; x_wconf 74' lang='lat'><strong>§24</strong></span> <span class='ocrx_word' id='word_1_213' title='bbox 269 2587 332 2637; x_wconf 88' lang='lat' dir='ltr'><strong>ante</strong></span> <span class='ocrx_word' id='word_1_214' title='bbox 355 2597 398 2636; x_wconf 85' lang='lat' dir='ltr'><strong>me</strong></span> <span class='ocrx_word' id='word_1_215' title='bbox 419 2581 606 2636; x_wconf 82' lang='lat' dir='ltr'><strong>scribebatur:</strong></span> <span class='ocrx_word' id='word_1_216' title='bbox 639 2577 727 2636; x_wconf 82' lang='lat' dir='ltr'><strong>Addit</strong></span> <span class='ocrx_word' id='word_1_217' title='bbox 746 2577 897 2648; x_wconf 80' lang='lat' dir='ltr'><strong>(Addidit)</strong></span> <span class='ocrx_word' id='word_1_218' title='bbox 915 2580 1000 2634; x_wconf 83' lang='lat' dir='ltr'><strong>ctiam</strong></span> 
     </span>
     <span class='ocr_line' id='line_1_29' title="bbox 77 2661 999 2737; baseline 0 -21"><span class='ocrx_word' id='word_1_219' title='bbox 77 2661 167 2736; x_wconf 83' lang='lat' dir='ltr'><strong>illud,</strong></span> <span class='ocrx_word' id='word_1_220' title='bbox 201 2665 311 2737; x_wconf 81' lang='lat' dir='ltr'><strong>equites</strong></span> <span class='ocrx_word' id='word_1_221' title='bbox 331 2680 389 2720; x_wconf 83' lang='lat' dir='ltr'><strong>aon</strong></span> <span class='ocrx_word' id='word_1_222' title='bbox 413 2667 533 2737; x_wconf 83' lang='lat' dir='ltr'><strong>optimos</strong></span> <span class='ocrx_word' id='word_1_223' title='bbox 553 2664 670 2720; x_wconf 78' lang='lat' dir='ltr'><strong>mt&#39;sisse.</strong></span> <span class='ocrx_word' id='word_1_224' title='bbox 728 2663 858 2734; x_wconf 81' lang='lat' dir='ltr'><strong>Veteres,</strong></span> <span class='ocrx_word' id='word_1_225' title='bbox 893 2661 999 2730; x_wconf 83' lang='lat' dir='ltr'><strong>credo,-</strong></span> 
     </span>
     <span class='ocr_line' id='line_1_30' title="bbox 76 2744 1000 2821; baseline 0 -21"><span class='ocrx_word' id='word_1_226' title='bbox 76 2745 147 2804; x_wconf 79' lang='lat' dir='ltr'><strong>otttl</strong></span> <span class='ocrx_word' id='word_1_227' title='bbox 163 2746 204 2804; x_wconf 84' lang='lat' dir='ltr'><strong>ad</strong></span> <span class='ocrx_word' id='word_1_228' title='bbox 220 2755 298 2806; x_wconf 76' lang='lat' dir='ltr'><strong>tecm</strong></span> <span class='ocrx_word' id='word_1_229' title='bbox 322 2747 502 2821; x_wconf 79' lang='lat' dir='ltr'><strong>cqcilctcm3</strong></span> <span class='ocrx_word' id='word_1_230' title='bbox 524 2745 575 2804; x_wconf 83' lang='lat' dir='ltr'><strong>red</strong></span> <span class='ocrx_word' id='word_1_231' title='bbox 588 2748 662 2803; x_wconf 67' lang='lat' dir='ltr'><strong>mint</strong></span> <span class='ocrx_word' id='word_1_232' title='bbox 684 2762 721 2802; x_wconf 78' lang='lat' dir='ltr'><strong>rs</strong></span> <span class='ocrx_word' id='word_1_233' title='bbox 736 2747 782 2813; x_wconf 85' lang='lat' dir='ltr'><strong>iis,</strong></span> <span class='ocrx_word' id='word_1_234' title='bbox 802 2763 876 2820; x_wconf 80' lang='lat' dir='ltr'><strong>pons</strong></span> <span class='ocrx_word' id='word_1_235' title='bbox 891 2744 1000 2817; x_wconf 81' lang='lat' dir='ltr'><strong>babuit,</strong></span> 
     </span>
     <span class='ocr_line' id='line_1_31' title="bbox 78 2827 1000 2905; baseline 0.002 -23"><span class='ocrx_word' id='word_1_236' title='bbox 78 2828 203 2902; x_wconf 69' lang='lat' dir='ltr'><strong>electcsr</strong></span> <span class='ocrx_word' id='word_1_237' title='bbox 226 2838 307 2903; x_wconf 87' lang='lat' dir='ltr'><strong>atque</strong></span> <span class='ocrx_word' id='word_1_238' title='bbox 327 2833 503 2889; x_wconf 85' lang='lat' dir='ltr'><strong>etiamnunc</strong></span> <span class='ocrx_word' id='word_1_239' title='bbox 522 2832 564 2887; x_wconf 88' lang='lat' dir='ltr'><strong>sio</strong></span> <span class='ocrx_word' id='word_1_240' title='bbox 579 2831 719 2900; x_wconf 87' lang='lat' dir='ltr'><strong>scribitur,</strong></span> <span class='ocrx_word' id='word_1_241' title='bbox 742 2830 796 2887; x_wconf 90' lang='lat' dir='ltr'><strong>uisi</strong></span> <span class='ocrx_word' id='word_1_242' title='bbox 820 2830 893 2905; x_wconf 88' lang='lat' dir='ltr'><strong>apud</strong></span> <span class='ocrx_word' id='word_1_243' title='bbox 915 2827 1000 2885; x_wconf 85' lang='lat' dir='ltr'><strong>Orel-</strong></span> 
     </span>
     <span class='ocr_line' id='line_1_32' title="bbox 76 2909 1000 2992; baseline 0 -24"><span class='ocrx_word' id='word_1_244' title='bbox 76 2911 161 2992; x_wconf 86' lang='lat' dir='ltr'><strong>lium.¹</strong></span> <span class='ocrx_word' id='word_1_245' title='bbox 197 2913 325 2988; x_wconf 83' lang='lat' dir='ltr'><strong>Exposui</strong></span> <span class='ocrx_word' id='word_1_246' title='bbox 348 2917 413 2975; x_wconf 90' lang='lat' dir='ltr'><strong>olim</strong></span> <span class='ocrx_word' id='word_1_247' title='bbox 436 2915 552 2988; x_wconf 86' lang='lat' dir='ltr'><strong>(Opusc.</strong></span> <span class='ocrx_word' id='word_1_248' title='bbox 574 2932 602 2988; x_wconf 91' lang='lat' dir='ltr'><strong>p.</strong></span> <span class='ocrx_word' id='word_1_249' title='bbox 621 2909 709 2984; x_wconf 78' lang='lat'><strong>201),</strong></span> <span class='ocrx_word' id='word_1_250' title='bbox 731 2914 759 2970; x_wconf 89' lang='lat' dir='ltr'><strong>in</strong></span> <span class='ocrx_word' id='word_1_251' title='bbox 781 2915 834 2970; x_wconf 89' lang='lat' dir='ltr'><strong>bac</strong></span> <span class='ocrx_word' id='word_1_252' title='bbox 854 2913 1000 2970; x_wconf 80' lang='lat' dir='ltr'><strong>Ciceronis</strong></span> 
     </span>
     <span class='ocr_line' id='line_1_33' title="bbox 77 2997 1001 3070; baseline -0.001 -18"><span class='ocrx_word' id='word_1_253' title='bbox 77 2997 255 3056; x_wconf 77' lang='lat' dir='ltr'><strong>confessione</strong></span> <span class='ocrx_word' id='word_1_254' title='bbox 277 3005 306 3055; x_wconf 88' lang='lat' dir='ltr'><strong>et</strong></span> <span class='ocrx_word' id='word_1_255' title='bbox 326 2999 407 3055; x_wconf 87' lang='lat' dir='ltr'><strong>simul</strong></span> <span class='ocrx_word' id='word_1_256' title='bbox 432 2999 607 3070; x_wconf 83' lang='lat' dir='ltr'><strong>mitigatione</strong></span> <span class='ocrx_word' id='word_1_257' title='bbox 630 3013 686 3053; x_wconf 90' lang='lat' dir='ltr'><strong>non</strong></span> <span class='ocrx_word' id='word_1_258' title='bbox 714 3012 797 3069; x_wconf 89' lang='lat' dir='ltr'><strong>posse</strong></span> <span class='ocrx_word' id='word_1_259' title='bbox 820 2997 849 3054; x_wconf 91' lang='lat' dir='ltr'><strong>id</strong></span> <span class='ocrx_word' id='word_1_260' title='bbox 873 2997 1001 3055; x_wconf 85' lang='lat' dir='ltr'><strong>vocabu-</strong></span> 
     </span>
     <span class='ocr_line' id='line_1_34' title="bbox 78 3080 1002 3156; baseline 0 -21"><span class='ocrx_word' id='word_1_261' title='bbox 78 3080 129 3136; x_wconf 89' lang='lat' dir='ltr'><strong>lum</strong></span> <span class='ocrx_word' id='word_1_262' title='bbox 152 3081 233 3156; x_wconf 88' lang='lat' dir='ltr'><strong>poni,</strong></span> <span class='ocrx_word' id='word_1_263' title='bbox 254 3083 329 3156; x_wconf 84' lang='lat' dir='ltr'><strong>quod</strong></span> <span class='ocrx_word' id='word_1_264' title='bbox 352 3084 381 3138; x_wconf 91' lang='lat' dir='ltr'><strong>iu</strong></span> <span class='ocrx_word' id='word_1_265' title='bbox 404 3083 491 3139; x_wconf 85' lang='lat' dir='ltr'><strong>milita</strong></span> <span class='ocrx_word' id='word_1_266' title='bbox 508 3083 617 3138; x_wconf 88' lang='lat' dir='ltr'><strong>laudem</strong></span> <span class='ocrx_word' id='word_1_267' title='bbox 634 3096 761 3152; x_wconf 80' lang='lat' dir='ltr'><strong>magnam</strong></span> <span class='ocrx_word' id='word_1_268' title='bbox 776 3081 902 3151; x_wconf 87' lang='lat' dir='ltr'><strong>baberet,</strong></span> <span class='ocrx_word' id='word_1_269' title='bbox 923 3089 1002 3136; x_wconf 82' lang='lat' dir='ltr'><strong>oete-</strong></span> 
     </span>
     <span class='ocr_line' id='line_1_35' title="bbox 78 3162 1000 3240; baseline -0.001 -21"><span class='ocrx_word' id='word_1_270' title='bbox 78 3179 141 3238; x_wconf 81' lang='lat' dir='ltr'><strong>res3</strong></span> <span class='ocrx_word' id='word_1_271' title='bbox 167 3163 296 3240; x_wconf 87' lang='lat' dir='ltr'><strong>quodque</strong></span> <span class='ocrx_word' id='word_1_272' title='bbox 319 3166 455 3223; x_wconf 81' lang='lat' dir='ltr'><strong>Manutius</strong></span> <span class='ocrx_word' id='word_1_273' title='bbox 480 3165 573 3240; x_wconf 84' lang='lat' dir='ltr'><strong>(cuius</strong></span> <span class='ocrx_word' id='word_1_274' title='bbox 597 3165 681 3222; x_wconf 85' lang='lat' dir='ltr'><strong>verba</strong></span> <span class='ocrx_word' id='word_1_275' title='bbox 704 3165 858 3222; x_wconf 82' lang='lat' dir='ltr'><strong>beneckius</strong></span> <span class='ocrx_word' id='word_1_276' title='bbox 882 3162 1000 3219; x_wconf 83' lang='lat' dir='ltr'><strong>Germa-</strong></span> 
     </span>
     <span class='ocr_line' id='line_1_36' title="bbox 78 3245 1088 3324; baseline 0.007 -23"><span class='ocrx_word' id='word_1_277' title='bbox 78 3247 138 3304; x_wconf 85' lang='lat' dir='ltr'><strong>nice</strong></span> <span class='ocrx_word' id='word_1_278' title='bbox 155 3247 293 3324; x_wconf 87' lang='lat' dir='ltr'><strong>reddidit)</strong></span> <span class='ocrx_word' id='word_1_279' title='bbox 306 3249 503 3324; x_wconf 88' lang='lat' dir='ltr'><strong>interpretatus</strong></span> <span class='ocrx_word' id='word_1_280' title='bbox 519 3254 608 3306; x_wconf 87' lang='lat' dir='ltr'><strong>esset:</strong></span> <span class='ocrx_word' id='word_1_281' title='bbox 631 3247 753 3321; x_wconf 83' lang='lat' dir='ltr'><strong>eoadem,</strong></span> <span class='ocrx_word' id='word_1_282' title='bbox 774 3265 846 3323; x_wconf 82' lang='lat' dir='ltr'><strong>quos</strong></span> <span class='ocrx_word' id='word_1_283' title='bbox 862 3245 1000 3304; x_wconf 84' lang='lat' dir='ltr'><strong>babuerat</strong></span> <span class='ocrx_word' id='word_1_284' title='bbox 1084 3301 1088 3308; x_wconf 90' lang='lat'>.</span> 
     </span>
    </p>
   </div>
   <div class='ocr_carea' id='block_1_4' title="bbox 79 3393 305 3411">
    <p class='ocr_par' dir='ltr' id='par_1_6' title="bbox 79 3393 305 3411">
     <span class='ocr_line' id='line_1_37' title="bbox 79 3393 305 3411; baseline 0.004 -1"><span class='ocrx_word' id='word_1_285' title='bbox 79 3393 305 3411; x_wconf 48' lang='grc' dir='ltr'><strong>Ἧ--ι--ι</strong></span> 
     </span>
    </p>
   </div>
   <div class='ocr_carea' id='block_1_5' title="bbox 80 3475 1001 3712">
    <p class='ocr_par' dir='ltr' id='par_1_7' title="bbox 80 3475 1001 3712">
     <span class='ocr_line' id='line_1_38' title="bbox 80 3475 1000 3548; baseline -0.003 -26"><span class='ocrx_word' id='word_1_286' title='bbox 80 3481 88 3504; x_wconf 90' lang='lat'><strong>¹</strong></span> <span class='ocrx_word' id='word_1_287' title='bbox 102 3479 218 3526; x_wconf 73' lang='lat' dir='ltr'><strong>soldanus</strong></span> <span class='ocrx_word' id='word_1_288' title='bbox 232 3481 344 3548; x_wconf 75' lang='lat' dir='ltr'><strong>quamodo</strong></span> <span class='ocrx_word' id='word_1_289' title='bbox 357 3482 427 3526; x_wconf 81' lang='lat' dir='ltr'><strong>dioto</strong></span> <span class='ocrx_word' id='word_1_290' title='bbox 436 3481 553 3526; x_wconf 79' lang='lat' dir='ltr'><strong>obediens</strong></span> <span class='ocrx_word' id='word_1_291' title='bbox 572 3480 781 3546; x_wconf 76' lang='lat' dir='ltr'><strong>commandaverit,</strong></span> <span class='ocrx_word' id='word_1_292' title='bbox 804 3490 882 3544; x_wconf 57' lang='lat' dir='ltr'><strong>opem?</strong></span> <span class='ocrx_word' id='word_1_293' title='bbox 900 3475 1000 3533; x_wconf 85' lang='lat' dir='ltr'><strong>pretium</strong></span> 
     </span>
     <span class='ocr_line' id='line_1_39' title="bbox 103 3532 1001 3646; baseline -0.008 -15"><span class='ocrx_word' id='word_1_294' title='bbox 103 3535 375 3646; x_wconf 54' lang='lat' dir='ltr'><strong>utriuslibet?</strong></span> <span class='ocrx_word' id='word_1_295' title='bbox 389 3532 907 3638; x_wconf 54' lang='lat' dir='ltr'><strong>lllltltasii&#39;tsttbatallum</strong></span> <span class='ocrx_word' id='word_1_296' title='bbox 921 3532 1001 3634; x_wconf 67' lang='lat' dir='ltr'><strong>lull</strong></span> 
     </span>
     <span class='ocr_line' id='line_1_40' title="bbox 106 3637 1000 3712; baseline 0 -28"><span class='ocrx_word' id='word_1_297' title='bbox 106 3641 143 3684; x_wconf 88' lang='lat' dir='ltr'><strong>iuu</strong></span> <span class='ocrx_word' id='word_1_298' title='bbox 173 3672 179 3684; x_wconf 93' lang='lat'>.</span> <span class='ocrx_word' id='word_1_299' title='bbox 209 3645 299 3689; x_wconf 76' lang='lat' dir='ltr'><strong>obedio</strong></span> <span class='ocrx_word' id='word_1_300' title='bbox 314 3653 379 3688; x_wconf 70' lang='lat' dir='ltr'><strong>suern</strong></span> <span class='ocrx_word' id='word_1_301' title='bbox 395 3649 419 3686; x_wconf 85' lang='lat' dir='ltr'><strong>et</strong></span> <span class='ocrx_word' id='word_1_302' title='bbox 433 3644 727 3712; x_wconf 60' lang='lat' dir='ltr'><strong>certamsipnilicationom</strong></span> <span class='ocrx_word' id='word_1_303' title='bbox 747 3640 845 3698; x_wconf 83' lang='lat' dir='ltr'><strong>parendi</strong></span> <span class='ocrx_word' id='word_1_304' title='bbox 867 3637 939 3682; x_wconf 82' lang='lat' dir='ltr'><strong>babet</strong></span> <span class='ocrx_word' id='word_1_305' title='bbox 958 3653 1000 3684; x_wconf 84' lang='lat' dir='ltr'><strong>nec</strong></span> 
     </span>
    </p>
   </div>
   <div class='ocr_carea' id='block_1_6' title="bbox 104 3695 1000 3792">
    <p class='ocr_par' dir='ltr' id='par_1_8' title="bbox 104 3695 1000 3792">
     <span class='ocr_line' id='line_1_41' title="bbox 104 3695 1000 3792; baseline -0.001 -55"><span class='ocrx_word' id='word_1_306' title='bbox 104 3696 141 3749; x_wconf 76' lang='lat' dir='ltr'><strong>qui</strong></span> <span class='ocrx_word' id='word_1_307' title='bbox 158 3709 225 3753; x_wconf 84' lang='lat' dir='ltr'><strong>quem</strong></span> <span class='ocrx_word' id='word_1_308' title='bbox 239 3697 270 3742; x_wconf 86' lang='lat' dir='ltr'><strong>ad</strong></span> <span class='ocrx_word' id='word_1_309' title='bbox 284 3711 335 3741; x_wconf 86' lang='lat' dir='ltr'><strong>earn</strong></span> <span class='ocrx_word' id='word_1_310' title='bbox 349 3695 497 3740; x_wconf 77' lang='lat' dir='ltr'><strong>efficiendam</strong></span> <span class='ocrx_word' id='word_1_311' title='bbox 518 3698 620 3743; x_wconf 78' lang='lat' dir='ltr'><strong>asciscit.</strong></span> <span class='ocrx_word' id='word_1_312' title='bbox 652 3699 678 3741; x_wconf 90' lang='lat' dir='ltr'><strong>ln</strong></span> <span class='ocrx_word' id='word_1_313' title='bbox 701 3699 776 3740; x_wconf 84' lang='lat' dir='ltr'><strong>audio</strong></span> <span class='ocrx_word' id='word_1_314' title='bbox 796 3708 825 3739; x_wconf 82' lang='lat' dir='ltr'><strong>ea</strong></span> <span class='ocrx_word' id='word_1_315' title='bbox 846 3706 889 3792; x_wconf 70' lang='lat' dir='ltr'><strong>&#39;aar</strong></span> <span class='ocrx_word' id='word_1_316' title='bbox 908 3708 934 3738; x_wconf 81' lang='lat' dir='ltr'><strong>aa</strong></span> <span class='ocrx_word' id='word_1_317' title='bbox 954 3707 1000 3736; x_wconf 72' lang='lat' dir='ltr'><strong>naara</strong></span> 
     </span>
    </p>
   </div>
   <div class='ocr_carea' id='block_1_7' title="bbox 104 3749 1002 3862">
    <p class='ocr_par' dir='ltr' id='par_1_9' title="bbox 104 3749 1002 3862">
     <span class='ocr_line' id='line_1_42' title="bbox 105 3749 1002 3806; baseline 0.001 -17"><span class='ocrx_word' id='word_1_318' title='bbox 105 3754 151 3802; x_wconf 81' lang='lat' dir='ltr'><strong>ert,</strong></span> <span class='ocrx_word' id='word_1_319' title='bbox 171 3751 213 3794; x_wconf 77' lang='lat' dir='ltr'><strong>scd</strong></span> <span class='ocrx_word' id='word_1_320' title='bbox 227 3751 332 3795; x_wconf 77' lang='lat' dir='ltr'><strong>eflicitur</strong></span> <span class='ocrx_word' id='word_1_321' title='bbox 346 3751 397 3806; x_wconf 87' lang='lat' dir='ltr'><strong>ipsa</strong></span> <span class='ocrx_word' id='word_1_322' title='bbox 411 3749 453 3795; x_wconf 82' lang='lat' dir='ltr'><strong>bac</strong></span> <span class='ocrx_word' id='word_1_323' title='bbox 467 3752 631 3796; x_wconf 86' lang='lat' dir='ltr'><strong>conirrnctione</strong></span> <span class='ocrx_word' id='word_1_324' title='bbox 645 3753 712 3795; x_wconf 74' lang='lat' dir='ltr'><strong>dioro</strong></span> <span class='ocrx_word' id='word_1_325' title='bbox 727 3749 832 3793; x_wconf 75' lang='lat' dir='ltr'><strong>audiena</strong></span> <span class='ocrx_word' id='word_1_326' title='bbox 856 3749 934 3792; x_wconf 77' lang='lat' dir='ltr'><strong>rasolo</strong></span> <span class='ocrx_word' id='word_1_327' title='bbox 949 3761 1002 3804; x_wconf 89' lang='lat' dir='ltr'><strong>par-</strong></span> 
     </span>
     <span class='ocr_line' id='line_1_43' title="bbox 104 3801 1000 3862; baseline 0.001 -17"><span class='ocrx_word' id='word_1_328' title='bbox 104 3801 189 3859; x_wconf 86' lang='lat' dir='ltr'><strong>ticipio.</strong></span> <span class='ocrx_word' id='word_1_329' title='bbox 216 3805 297 3862; x_wconf 79' lang='lat' dir='ltr'><strong>ltaque</strong></span> <span class='ocrx_word' id='word_1_330' title='bbox 312 3817 340 3849; x_wconf 76' lang='lat' dir='ltr'><strong>ex</strong></span> <span class='ocrx_word' id='word_1_331' title='bbox 356 3818 419 3861; x_wconf 68' lang='lat' dir='ltr'><strong>equo</strong></span> <span class='ocrx_word' id='word_1_332' title='bbox 440 3811 607 3862; x_wconf 82' lang='lat' dir='ltr'><strong>componuntur</strong></span> <span class='ocrx_word' id='word_1_333' title='bbox 627 3806 687 3862; x_wconf 88' lang='lat' dir='ltr'><strong>apud</strong></span> <span class='ocrx_word' id='word_1_334' title='bbox 704 3804 797 3848; x_wconf 83' lang='lat' dir='ltr'><strong>bivium</strong></span> <span class='ocrx_word' id='word_1_335' title='bbox 812 3805 879 3848; x_wconf 81' lang='lat' dir='ltr'><strong>dieto</strong></span> <span class='ocrx_word' id='word_1_336' title='bbox 895 3805 1000 3847; x_wconf 79' lang='lat' dir='ltr'><strong>audiena</strong></span> 
     </span>
    </p>
   </div>
   <div class='ocr_carea' id='block_1_8' title="bbox 102 3857 259 3903">
    <p class='ocr_par' dir='ltr' id='par_1_10' title="bbox 102 3857 259 3903">
     <span class='ocr_line' id='line_1_44' title="bbox 102 3857 259 3903; baseline 0.032 -6"><span class='ocrx_word' id='word_1_337' title='bbox 102 3861 123 3898; x_wconf 85' lang='lat' dir='ltr'><strong>et</strong></span> <span class='ocrx_word' id='word_1_338' title='bbox 137 3857 259 3903; x_wconf 68' lang='lat' dir='ltr'><strong>stactem.</strong></span> 
     </span>
    </p>
   </div>
   <div class='ocr_carea' id='block_1_9' title="bbox 0 0 1286 4310">
    <p class='ocr_par' dir='ltr' id='par_1_11' title="bbox 0 0 1286 4310">
     <span class='ocr_line' id='line_1_45' title="bbox 0 0 1286 4310; baseline 0 0"><span class='ocrx_word' id='word_1_339' title='bbox 0 0 1286 4310; x_wconf 95' lang='lat' dir='ltr'><strong> </strong></span> 
     </span>
    </p>
   </div>
  </div>
 </body>
</html>
