2468 4318
217 285 224 294 ,
290 239 338 295 ιιι
356 236 386 293 ι.
410 231 685 294 cnrrnrnnm.
919 243 952 294 er
994 269 1000 274 -
1047 207 1050 214 ’

45 415 118 478 stica
137 411 322 496 turpitudinis
346 427 408 475 non
442 412 543 476 inusta
570 410 639 474 vitae
666 414 725 474 tuae
754 411 826 476 est?
872 411 955 494 quod
1041 404 1045 415 '

46 501 210 581 privatarum
239 513 341 560 rerum
370 495 503 559 dedecus
525 511 586 557 non
609 494 735 558 inheret
763 496 795 559 in
822 495 956 559 iama‘ll

46 599 104 663 qua
122 581 212 644 libido
234 581 270 643 ab
296 579 413 657 oculu,
443 578 524 660 quod
548 578 666 642 lacinus
690 598 707 641 ι
726 580 863 643 manibus
883 597 955 643 um-

46 683 122 746 quam
150 666 222 742 tuis,
257 663 339 746 quud
368 663 514 748 flagitium
544 659 565 724 ι’
593 668 656 725 toto
681 679 812 745 corpore
835 663 955 726 abluit?

45 748 134 810 cuitu
156 748 399 825 adolescentulo,
430 763 519 828 quem
542 746 781 827 corruptelarum
803 746 957 811 illecebris

45 831 192 911 irretisses,
223 849 284 894 non
307 837 357 893 aut
380 829 416 893 ad
439 830 593 893 audaciam
613 829 727 892 lenum
751 831 861 894 autad
882 832 956 895 libi-

46 914 132 977 dinem
151 914 248 978 facem
271 914 454 997 praetulisti?
488 913 566 987 Quin
585 913 686 976 vero?
723 933 840 996 nuper,
865 917 956 998 quum
970 917 1002 968 ¹4

46 1005 129 1061 oronte
149 999 316 1080 superioris
336 999 441 1061 uxoris
464 998 552 1061 novis
575 997 687 1078 nuptiis
704 995 824 1061 domum
839 1017 957 1063 vacue-

46 1079 168 1161 fecisses,
187 1099 289 1144 nonne
301 1083 388 1143 etiam
405 1081 465 1144 alio
483 1080 652 1143 incredibili
671 1081 790 1144 scelere
805 1082 865 1145 hoc
883 1101 956 1146 sce-

45 1165 84 1228 lus
104 1164 283 1229 cumulasti?
307 1163 387 1246 quod
409 1182 470 1247 ego
488 1165 685 1246 praetermitto
701 1172 732 1227 et
747 1165 839 1229 luoile
856 1168 957 1249 patior

45 1249 134 1328 sileri,
167 1267 207 1312 ne
238 1250 270 1311 in
301 1249 359 1311 lrac
382 1250 502 1311 civitate
525 1250 599 1311 tanti
621 1248 776 1313 facinoris·
789 1251 958 1314 immanitas

45 1339 87 1396 aut
104 1333 254 1396 exstitisse
275 1339 325 1395 aut
346 1349 408 1394 non
429 1331 579 1395 vindicata
598 1350 668 1395 esse
683 1332 830 1397 uideatur.
871 1334 958 1414 Pre-
1026 1387 1028 1394 Α

44 1417 158 1478 termitto
179 1419 283 1480 ruinas
304 1415 491 1478 fortunarum
513 1423 641 1492 tuarum,
671 1435 746 1498 quas
770 1435 875 1482 omnes
896 1421 958 1481 im-

44 1501 163 1580 pendere
184 1500 238 1562 tibi
261 1500 409 1582 proximis
428 1499 529 1562 ldibus
551 1500 666 1563 senties
673 1520 682 1574 ;
720 1500 758 1564 ad
782 1502 835 1564 illu
855 1502 959 1580 venio,

45 1601 101 1664 qua
120 1601 179 1646 non
202 1583 240 1646 ad
262 1584 410 1664 priuatam
431 1582 627 1666 ignominiam
657 1583 797 1647 vitiorum
827 1591 959 1664 tuorum,

19 1739 24 1749 ξ
44 1683 95 1728 non
106 1667 140 1730 ud
155 1667 349 1731 domesticam
365 1673 446 1728 tuam
462 1664 663 1728 difficultatem
682 1685 717 1728 ac
732 1667 959 1749 turpitudinem,
989 1693 994 1710 ¹
1098 1663 1102 1670 “

44 1750 90 1812 sed
118 1751 154 1814 ad
183 1768 329 1814 summam
359 1767 424 1811 rem
452 1749 604 1830 publicam
635 1756 725 1833 atquo
757 1751 796 1814 ad
824 1752 959 1814 omnium

43 1840 164 1897 nostrum
184 1835 275 1897 vitam
300 1834 487 1916 salutemque
517 1833 678 1915 pertinent.
732 1833 875 1898 Potestne
905 1836 959 1901 tibi
972 1837 1006 1887 1⁶

45 1914 102 1978 haec'
119 1918 188 1996 lux,
220 1917 367 1995 Catilina,
400 1923 450 1980 aut
471 1917 561 1980 huius
586 1915 652 1979 caeli
673 1917 796 1998 spiritus
815 1937 886 1984 esse
900 1923 960 1984 iu-

44 2001 156 2080 cundus,
171 2019 272 2084 uuum
295 2001 386 2078 scias,
410 2001 518 2064 horum
540 2018 610 2063 esse
632 2001 793 2078 neminem,
824 2005 877 2084 qui
899 2023 960 2068 ne-

44 2084 116 2162 sciat,
138 2092 167 2148 te
191 2084 293 2167 pridie
313 2084 464 2150 Kalendas
485 2085 559 2163 lan,
579 2083 696 2166 lepido
713 2093 749 2164 et
769 2086 857 2152 'lullo
879 2108 959 2155 con-

44 2168 156 2247 sulibus,
177 2173 301 2235 stetisse
326 2173 358 2234 in
382 2161 506 2234 comilio
527 2187 594 2232 cum
616 2170 706 2232 telo?
737 2189 858 2235 manum
880 2193 959 2238 cun-

44 2250 128 2314 sulum
141 2259 181 2316 et
203 2256 376 2338 principum
406 2253 533 2317 ciuitatis
562 2251 838 2320 interficiendorum
866 2277 960 2323 causa

43 2337 210 2414 paravisse?
233 2340 344 2402 sceleri
363 2357 399 2401 ac
416 2329 512 2400 lurori
530 2343 583 2398 tuo
599 2353 662 2398 non
676 2344 805 2401 mentem
828 2341 960 2424 aliquam

46 2423 88 2478 aut
105 2420 240 2486 timorem
262 2429 356 2501 tuum,
377 2422 433 2486 sed
453 2421 603 2482 fortunam
625 2422 730 2502 pupuli
751 2422 878 2488 Romani
899 2425 960 2489 ob·-

45 2500 171 2566 stitisse?
214 2507 262 2569 Αο
289 2508 349 2569 iam
378 2507 430 2568 illa
452 2504 556 2566 omitto
578 2505 691 2586 (neque
715 2506 795 2569 enim
818 2516 888 2573 sunt
911 2516 962 2572 aut

46 2582 159 2650 obscura
184 2597 234 2654 aut
256 2607 319 2653 non
342 2590 434 2653 multa
457 2588 617 2651 commissa
640 2588 803 2671 postea2):
840 2593 960 2676 quoties

46 2672 71 2728 tu
88 2687 133 2730 me
155 2673 362 2757 designatum,
394 2674 512 2754 quoties
534 2673 690 2734 consulem
711 2673 882 2739 interlucere
902 2693 960 2740 co·
1051 2738 1054 2748 ,

45 2756 119 2814 natus
142 2758 217 2821 esl'
235 2762 308 2838 quot
328 2775 387 2840 ego
409 2763 475 2818 tuas
497 2756 659 2836 petitiones
675 2757 723 2818 ita
742 2760 905 2839 coniectas,
928 2765 964 2824 ut

45 2835 120 2900 vitari
140 2859 233 2920 posse
254 2840 342 2904 ιιοιι8
361 2841 549 2916 viderentur,
570 2857 665 2920 parva
681 2840 808 2922 quadam
823 2841 962 2907 declina-

45 2917 116 2984 tione
139 2931 176 3002 et,
198 2931 232 2987 ut
252 2927 345 3002 aiunt,
367 2941 497 3006 corpore
523 2921 627 3006 elugi.
669 2923 750 2988 Nihil
768 2929 962 3010 assequeris;

45 3009 156 3087 neque4
177 3013 278 3070 tamen
299 3008 405 3070 conari
428 3025 463 3070 ιο
484 3007 564 3070 velle
586 3006 715 3070 desistis.
760 3010 885 3086 Quoties
906 3011 962 3074 tibi

45 3083 117 3150 inml
139 3097 254 3156 extorta
277 3096 323 3153 est
345 3094 411 3176 sica
433 3092 489 3153 ista
513 3089 736 3154 demonibus?
759 3095 879 3176 quoties
901 3089 1008 3158 err-1⁶

47 3170 124 3236 cidit⁶
145 3193 217 3238 casu
233 3176 334 3256 aliquo
347 3181 378 3238 et
395 3176 498 3256 elapsa
514 3174 585 3237 cst?
610 3174 694 3254 quae⁷
715 3179 836 3257 quidem
851 3180 962 3260 quibus

47 3253 91 3318 abs
110 3263 138 3320 tc
159 3258 273 3322 initiata
295 3261 391 3324 sacris
408 3277 444 3321 ιο
462 3257 571 3321 devota
588 3259 637 3334 sit,
653 3259 770 3341 nescio,
795 3263 962 3344 quodcum
1049 3299 1064 3326 ‚=

46 3353 161 3406 necesse
183 3349 270 3426 putas
292 3343 386 3406 οοεο8
416 3344 447 3405 in
469 3343 628 3412 consulis⁹
659 3360 791 3426 corpore
816 3345 964 3431 deligere.

79 3493 208 3554 ¹eeodd.
228 3500 364 3566 (inheret)
391 3511 416 3553 et
434 3503 503 3553 corti.
530 3525 565 3542 ·-
595 3501 679 3556 haret
699 3499 816 3556 inlumin-
867 3501 963 3569 ’pont

76 3573 217 3625 commissa.
272 3575 356 3625 ¹non
383 3588 471 3638 posse.
527 3571 634 3624 moad.
663 3597 700 3610 -
723 3572 788 3624 nihil
810 3573 884 3638 ogis,
907 3569 963 3624 nih.

78 3649 191 3708 osseum,
224 3640 297 3707 [nihil
325 3640 443 3707 moliris]
471 3659 570 3711 neque.
629 3644 640 3676 ⁵
669 3641 804 3694 codri«-
829 3645 881 3694 ianr
901 3641 963 3707 tibi.

79 3707 178 3764 ‘coen
203 3739 238 3750 -
263 3729 327 3766 vero
347 3729 403 3764 exe.
460 3713 472 3743 ¹
500 3711 561 3764 est?
589 3710 687 3776 [tamen
701 3728 739 3764 -ea
757 3727 848 3765 carere
867 3712 964 3764 diutius

78 3791 124 3828 nun
135 3781 233 3848 potes‚]
245 3799 311 3852 quae.
332 3781 344 3812 ⁶
360 3799 405 3834 ιιι.
417 3798 484 3833 esse.
503 3783 515 3813 ⁹
533 3781 615 3846 codd,
625 3781 748 3834 Amatne.
760 3804 792 3820 -
804 3782 920 3836 consulis
929 3783 964 3832 ia.

89 3917 131 3960 tto.
147 3920 211 3961 orae.
227 3920 270 3962 Sat.
749 3926 765 3974 6
