2546 4310
286 240 321 290 88
632 231 873 294 onorio

287 407 432 490 adfuisse,
462 425 531 472 cum
554 423 667 490 cupere
687 423 791 470 verum
812 405 966 483 invenire3
1008 407 1060 489 qui
1083 415 1213 488 recuset,

287 511 356 556 eum
377 491 534 576 proiecto,
565 491 684 554 tametsi
706 491 799 554 verbo
823 507 884 552 non
906 491 1033 567 audeat,
1054 499 1164 556 tamen
1182 513 1217 558 rs

287 577 354 660 ipsa
377 576 415 641 dc
434 574 582 640 maleficio
605 592 662 637 suc
687 572 833 637 confiteri.
874 574 946 637 Dixi
966 575 1064 654 initio,
1089 577 1214 654 iudices,

286 661 371 724 nolio
392 678 441 722 me
469 659 557 740 plora
586 658 625 720 de
651 659 776 721 istorum
808 656 928 720 scelere
960 658 1085 737 dicere,
1131 680 1215 743 quan

288 761 380 808 causa
409 742 574 826 postularet
602 759 639 804 ao
668 740 834 804 nenessitas
858 741 925 822 ipsa
953 749 1092 825 cogeret.
1147 743 1216 806 Nan

287 834 320 890 et
340 823 509 889 multones
531 824 634 888 afferri
655 829 799 907 possunt,
836 829 867 907 ct
894 844 1085 909 unaqueque
1116 846 1215 890 earum

287 910 388 974 multis
414 926 482 971 cum
517 907 700 992 argumentis
732 906 792 970 diei
820 915 928 988 potest.
996 909 1116 973 Verum
1151 929 1216 993 ego,

309 993 370 1056 uod
393 994 502 1058 invitus
529 1011 566 1055 ac
585 990 762 1054 necessario
783 990 884 1070 facio,
917 1010 1016 1073 neque
1038 994 1094 1057 diu
1120 1012 1215 1076 neque

287 1011 449 1161 giligcntcr
468 1075 572 1139 secere
594 1092 737 1158 possum3
759 1091 826 1154 quo
846 1076 993 1156 praeteriri
1015 1077 1106 1140 nullo
1131 1077 1215 1141 modo

286 1164 441 1244 poterent,
473 1177 510 1222 ea
543 1158 667 1237 leviter,
700 1157 833 1236 iudices,
865 1161 967 1242 attigi3
1018 1179 1089 1242 quae
1122 1161 1215 1243 posita

286 1244 408 1308 suntin
430 1242 669 1325 suspicionibus,
700 1242 738 1305 de
781 1241 870 1306 uibus
892 1243 920 1306 si
944 1260 1077 1325 coepero
1106 1245 1215 1319 dicere,

286 1327 423 1409 pluribus
444 1326 546 1390 verbis
567 1326 606 1388 sit
627 1261 852 1404 disscrcnffium,
883 1345 920 1390 ea
948 1328 1060 1392 vestris
1082 1328 1216 1412 ingeniis

286 1411 530 1493 coniectumque
551 1410 712 1472 committo.

174 1465 277 1544 43124
369 1493 466 1556 Venio
488 1511 568 1557 nuno
590 1492 628 1556 ad
647 1491 722 1556 illud
742 1507 853 1554 nomen
870 1509 993 1556 aureum
1009 1491 1215 1578 Chrysogoni,

285 1577 342 1644 sub
366 1594 427 1662 quo
448 1577 571 1641 nomine
592 1582 653 1640 tota
676 1574 808 1638 societas
831 1577 930 1638 latuit¹
942 1595 952 1652 ;
975 1577 1112 1660 dequo,
1139 1577 1213 1640 iudi-

285 1679 349 1742 ces,
374 1678 473 1745 neque
494 1659 647 1742 quomodo
670 1660 767 1722 dicam
791 1676 892 1741 nequo
912 1662 1066 1740 quomodo
1089 1669 1213 1735 taceam,

284 1745 422 1830 reperire
436 1762 570 1828 possum.
613 1742 645 1806 Si
665 1743 745 1805 enim
767 1749 865 1822 taceo,
889 1743 939 1805 vei
959 1747 1123 1809 maximam
1146 1761 1214 1826 par-

284 1834 344 1893 tem
367 1826 527 1908 relinquo;
569 1827 617 1888 sin
639 1832 736 1889 autern
760 1825 846 1903 dico,
867 1843 994 1906 vereor,
1016 1847 1056 1890 ne
1079 1848 1146 1892 non
1167 1827 1212 1888 ille

284 1913 370 1978 solus
393 1909 436 1992 (id
457 1909 539 1991 quod
561 1909 599 1974 ad
621 1927 669 1971 rne
690 1908 765 1971 nihil
789 1908 914 1988 attinet),
940 1911 996 1973 sed
1018 1913 1071 1975 aiii
1092 1927 1212 1995 quoque

284 1995 389 2140 plures
418 1993 508 2056 laesos
537 2010 572 2054 se
602 2009 671 2056 esse
700 1999 815 2075 putent.
869 1993 999 2056 'Tametsi
1028 1997 1070 2060 ita
1101 2015 1139 2060 se
1165 2008 1210 2057 res

308 2078 392 2155 obet,
430 2080 463 2138 ut
483 2075 553 2138 mihi
577 2077 607 2138 in
630 2093 818 2139 communem
843 2095 965 2140 causam
986 2085 1143 2144 sectorum
1166 2078 1210 2139 di-

133 2234 137 2242 ,
285 2160 412 2224 cendum
436 2159 510 2220 nihii
527 2177 636 2242 magno
652 2178 746 2242 opere
763 2159 909 2223 videatur.
938 2161 1008 2224 Haeo
1028 2166 1111 2226 enim
1126 2178 1210 2226 causa

223 2247 276 2299 12⁶
286 2261 365 2306 nove
383 2241 522 2324 profecto
542 2249 572 2306 et
594 2243 757 2328 singularis
782 2251 837 2306 est.
883 2243 1036 2308 Bonorum
1061 2247 1135 2310 Sex.
1151 2246 1210 2308 Ro-

284 2325 341 2391 scii
365 2332 483 2409 emptor
504 2332 550 2388 est
571 2325 799 2410 Chrysogonus.
855 2325 984 2390 Primum
1013 2330 1073 2392 hoc
1107 2330 1209 2394 videa-

285 2427 367 2472 mus:
408 2409 480 2472 Eius
498 2411 628 2472 hominis
650 2411 730 2472 bone
752 2428 810 2492 qua
833 2411 951 2474 ratione
975 2414 1139 2478 venierunt
1165 2416 1209 2474 eut

284 2491 437 2575 quomodo
468 2493 574 2557 venire
611 2493 799 2576 potuerunt?
845 2493 946 2575 Atque
978 2495 1038 2558 hoe
1073 2516 1139 2561 non
1175 2496 1211 2557 ita

283 2595 435 2660 quaeram,
467 2577 600 2653 indicos,
631 2583 663 2640 ut
686 2576 717 2639 id
741 2577 838 2639 dicam
860 2595 930 2640 esse
951 2578 1127 2663 indignum,
1154 2581 1207 2642 ho·

225 2697 227 2704 ·
284 2662 374 2724 minis
398 2661 568 2725 innocentis
589 2659 668 2722 hona
691 2659 821 2724 venisse.
868 2659 900 2724 Si
926 2663 1005 2725 enirn
1029 2664 1094 2727 hoec
1125 2662 1208 2727 nudi-

286 2750 374 2806 entur
398 2763 433 2807 ec
455 2745 551 2807 iibere
573 2743 719 2821 dicentur,
748 2762 808 2806 non
829 2744 886 2808 stuit
905 2751 1004 2810 tantus
1026 2747 1118 2812 homo
1143 2747 1206 2812 Sex.

285 2825 413 2891 Roscius
435 2827 466 2889 in
488 2827 626 2906 civitate,
654 2835 688 2890 ut
709 2826 747 2889 dc
768 2844 806 2889 eo
827 2829 1014 2910 potissimum
1036 2848 1206 2915 conquera-

265 2928 362 2973 xmur.
404 2908 515 2973 Verum
546 2910 605 2972 hoo
627 2927 686 2993 ego
716 2928 835 2991 quaeroz
882 2909 940 2985 Oui
967 2920 1131 2994 potuerunt
1155 2915 1206 2976 isn

285 2993 353 3075 ipsa
374 2993 463 3077 lege,
497 3011 563 3076 quae
594 2993 631 3056 de
662 2994 883 3075 proscriptione
904 3002 969 3075 est,
1001 2999 1067 3061 sive
1092 2995 1205 3062 Valerio

286 3083 334 3140 est
354 3078 419 3140 sive
448 3075 590 3140 Cornelia
613 3079 688 3159 (non
713 3077 792 3139 enirn
814 3080 901 3156 novi,
935 3097 993 3142 nec
1023 3081 1121 3162 scic),
1153 3097 1205 3143 rc-

285 3176 352 3223 rum
373 3161 430 3224 ista
454 3163 521 3243 ipsa
543 3161 613 3242 lege
632 3161 713 3222 bona
735 3159 804 3224 Sex.
828 3161 930 3224 Roscii
951 3165 1055 3227 venire
1078 3167 1129 3248 qui
1149 3181 1204 3246 po-

226 3260 276 3316 126
287 3245 430 3307 tuerunt?
468 3243 617 3326 Scriptum
646 3245 726 3306 enirn
747 3245 787 3306 ita
810 3245 911 3308 dicunt
934 3265 1024 3328 esse,
1055 3257 1091 3310 ot
1110 3263 1204 3312 eorum

173 3396 178 3405 ,
285 3326 367 3390 bono
387 3335 535 3400 veneunt,
570 3330 622 3407 qui
635 3329 803 3406 proscripti
824 3336 914 3404 socon
947 3333 1060 3412 quoin
1083 3343 1202 3395 numero

285 3408 356 3475 Sex·
380 3410 507 3474 Roscius
529 3427 590 3472 non
616 3416 676 3486 est3
710 3419 762 3472 cut
782 3431 902 3486 eorum,
934 3416 1035 3494 quiin
1058 3417 1201 3477 adcenso-

282 3495 398 3556 riorom
424 3491 582 3574 presidiis
611 3495 706 3556 occisi
739 3502 829 3571 sont,·
882 3496 950 3560 dum
981 3501 1120 3580 praesidio
1146 3495 1200 3560 ulio

283 3575 423 3654 fuorunt,
465 3578 496 3640 in
528 3573 618 3639 Sulioe
648 3578 796 3658 presidiis
827 3578 892 3646 suit.
943 3581 1137 3664 Posteaquam
1167 3576 1197 3638 ob

285 3659 375 3722 ermis
398 3665 606 3738 recesserunt,
629 3660 661 3727 in
683 3679 798 3728 summo
821 3663 900 3740 otio,
930 3665 1052 3730 rediens
1074 3685 1091 3730 a
1113 3677 1199 3731 coeno

323 3832 332 3866 ¹
354 3836 417 3884 coni.
437 3854 450 3886 e
468 3847 527 3887 cest.
547 3837 618 3888 codd.
637 3837 756 3901 (statuit).
778 3863 809 3876 *-
828 3841 954 3894 statuitur.
