2546 4310
270 243 305 294 1⁸
380 285 383 292 .
613 225 850 284 ORATIO

273 410 411 498 spinione
437 401 594 479 latrabitis,
626 413 716 463 crura
748 399 870 482 quidem
898 399 986 464 vohis
1011 414 1105 462 nemo
1135 399 1216 464 suf-

267 499 396 579 Iringet,
419 492 483 566 sed,
505 487 603 568 siege
618 485 676 546 hos
696 484 775 548 bene
790 485 871 561 novi,
894 483 1021 548 litteram
1038 481 1135 564 illam,
1156 485 1217 547 cui

273 601 329 647 uos
353 596 450 662 usque
471 589 511 638 eo
531 568 644 656 inimici
666 569 749 643 estis,
773 573 806 631 ut
822 569 910 630 etiam
925 567 1075 630 Kalendas
1101 585 1217 630 omnes

158 675 161 679 ’
274 666 412 742 oderitis,
441 661 481 722 ita
502 653 695 730 vehementer
725 651 764 713 ad
787 657 876 732 caput
906 650 1048 733 alligent,
1083 656 1119 714 ut
1145 669 1218 732 po.

268 759 341 816 -stea
361 743 511 810 nerninem
535 737 624 803 aliurn
661 735 720 797 nisi
748 732 887 797 fortunas
910 741 1028 797 vestras
1059 752 1218 797 accusare

161 829 208 900 21
228 832 408 918 espossitis.
460 823 539 898 Quid
570 819 643 882 mihi
674 818 712 880 ad
732 816 954 901 defendendum
978 818 1103 897 dedisti,
1127 819 1220 879 bone

274 910 457 982 accusator?
490 905 562 990 quid
590 903 675 968 hisce
703 908 801 964 autem
833 902 871 964 ad
901 901 1144 984 suspicandum?
1171 935 1215 946 —

273 1001 326 1072 Ne,
347 992 594 1064 exheredaretur,
626 986 740 1048 veritus
761 991 815 1048 est.
839 1019 874 1030 -
912 986 1031 1059 Audi03
1061 986 1120 1048 sed
1150 1001 1219 1066 qua

195 1116 202 1136 ι
254 1085 315 1148 de
336 1097 426 1144 causa
444 1074 544 1138 vereri
562 1069 709 1147 debuerit,
732 1084 823 1131 nemo
847 1069 974 1132 dicit-
998 1069 1140 1132 Habebat
1149 1087 1219 1150 pe-

186 1238 193 1252 ⁸
275 1176 322 1230 ter
342 1167 374 1228 in
399 1159 507 1246 air-imo.
528 1187 571 1215 -.
587 1153 710 1216 Planum
732 1151 789 1214 lac.
840 1151 922 1214 Nihil
946 1159 1011 1216 est:
1037 1169 1115 1229 non,
1138 1153 1219 1232 qui-

275 1271 344 1321 cum
368 1241 552 1316 deliberarit,
576 1254 664 1318 quern
689 1237 849 1298 certiorem
872 1235 991 1313 lecerit,
1022 1235 1106 1298 unde
1130 1234 1221 1298 istud

273 1335 363 1400 ‚vobis
388 1325 537 1408 suspicari
558 1322 589 1384 in
607 1325 737 1382 mentem
753 1320 878 1382 venerit.
922 1319 1021 1392 Quum
1037 1319 1098 1400 hoo
1117 1319 1220 1381 modo

275 1432 413 1490 mensas,
442 1407 543 1483 Eruci,
573 1421 675 1468 nonne
696 1403 755 1464 hoc
775 1402 996 1484 palamdicis:
1029 1401 1109 1484 Ego,
1138 1400 1222 1482 quid

277 1498 466 1582 acceperim,
496 1491 581 1566 scio,
613 1486 686 1568 quid
712 1486 826 1564 dicam,
859 1488 981 1563 nesci03
1010 1503 1104 1548 unum
1136 1484 1221 1547 illud

277 1582 431 1668 spectavi,
463 1575 546 1660 quod
577 1571 796 1652 Chrysogonus
828 1571 948 1646 aiebat,
980 1570 1136 1634 neminem
1162 1568 1221 1632 isti

277 1677 437 1754 patronum
457 1661 608 1731 fulsurum
639 1654 677 1717 de
700 1653 850 1716 benonim
876 1654 1028 1735 emptione
1049 1653 1153 1732 deque
1179 1671 1222 1714 ea

278 1753 436 1824 socictate,
459 1744 609 1810 nerninem
626 1754 717 1815 esse,
728 1738 779 1818 qui
796 1737 921 1800 verbum
935 1737 1039 1800 facere
1053 1734 1116 1797 hoc
1131 1742 1223 1797 tem-

276 1853 355 1920 pore
378 1831 510 1895 auderet.
552 1823 622 1886 Hac
643 1827 674 1882 te
699 1820 801 1902 opinio
817 1821 895 1884 falsa
909 1822 941 1884 in
964 1822 1050 1884 istam
1069 1817 1222 1882 fraudem

279 1919 411 2004 impulit3
449 1926 512 1974 non
542 1903 715 1969 mehercule
750 1906 875 1968 verbum
904 1903 1050 1983 fecisses,
1087 1904 1117 1966 si
1158 1903 1224 1966 tibi

234 2015 461 2090 aequamquam
491 2006 707 2072 responsurum
735 1994 884 2069 putasses.
939 1987 1048 2069 Operae
1078 1987 1223 2069 pretium

280 2094 365 2164 erat,
398 2082 425 2145 si
454 2072 714 2150 animadvertistis,
745 2072 872 2150 iudices,
894 2071 1111 2155 negligentiam
1145 2072 1223 2133 eius

280 2175 313 2237 in
342 2161 511 2232 accusando
541 2157 749 2221 considerare.
809 2154 919 2232 Credo,
953 2173 1045 2236 quum
1070 2153 1223 2231 vidisset,

279 2255 334 2339 qui
364 2247 502 2314 homines
533 2244 563 2305 in
596 2241 682 2304 hisce
702 2239 855 2302 subselliis
877 2239 1029 2315 sederent,
1053 2239 1223 2320 quaesisse,
1266 2299 1267 2312 ,

280 2355 352 2402 num
380 2333 432 2396 ille
454 2335 505 2392 aut
525 2324 578 2390 ille
598 2323 780 2388 defensurus
804 2331 902 2398 esset3
927 2322 965 2386 de
988 2339 1036 2382 me
1051 2339 1091 2382 ne
1105 2322 1222 2402 suspi-
1266 2323 1267 2330 ’

282 2427 380 2485 catum
396 2415 517 2498 quidem
536 2427 606 2473 esse
618 2411 640 2485 ¹,
661 2407 841 2491 [quodantea
852 2405 1223 2487 causampuhlicamnul-

281 2507 342 2570 lam
359 2499 497 2566 dixerim.
525 2495 726 2572 Posteaquam
743 2492 857 2554 invenit
864 2490 1014 2574 nerninem
1024 2505 1144 2565 eorum,
1162 2487 1223 2568 qui

283 2592 413 2674 possunt
433 2582 465 2646 et
481 2583 590 2654 solent,
605 2577 645 2640 ite
662 2575 823 2658 negligens
844 2592 915 2636 esse
929 2572 1040 2653 coepit,
1062 2577 1104 2648 ut,
1121 2590 1222 2654 quum
1266 2585 1267 2600 ¹

282 2677 316 2736 in
334 2675 465 2734 mentem
485 2663 604 2727 veniret
628 2657 669 2734 ei,
693 2656 852 2735 resideret,
883 2656 992 2720 deinde
1021 2657 1222 2736 spatiaretur,

282 2767 496 2832 nonnunquam
517 2747 606 2810 etiarn
633 2749 759 2826 puerum
781 2747 915 2819 vocaret,
936 2739 1040 2818 credo,
1063 2739 1112 2800 cui
1136 2756 1221 2800 coe-

283 2858 352 2903 nam
385 2836 566 2915 imperaret,
594 2841 720 2909 prorsus
752 2830 784 2888 ut
805 2831 906 2896 vestro
934 2840 1082 2886 consessu
1104 2828 1135 2883 et
1156 2821 1222 2883 hoe

172 2917 221 2989 22
239 2923 433 2986 uoconventu
455 2932 512 2998 pro
535 2928 650 2976 summa
667 2908 830 2972 solitudine
853 2909 1034 2971 abuteretur.
1080 2905 1219 2967 Perora-

284 3008 327 3070 vit
349 3000 529 3083 aliquando;
555 2995 669 3060 assedit
676 3013 685 3068 3
718 2993 838 3056 surrexi
856 3007 935 3074 ego;
961 2989 1114 3071 respirare
1131 2989 1220 3050 visus

256 3095 342 3168 est,
377 3084 458 3168 quod
490 3101 552 3152 non
582 3080 658 3144 alius
687 3077 787 3159 potius
817 3075 940 3138 diceret.
980 3071 1078 3156 Coepi
1102 3073 1219 3134 dicere.

285 3173 388 3255 Usque
423 3186 471 3232 eo·
489 3163 702 3240 animadverti,
732 3160 869 3236 iudices,
908 3176 977 3221 eum
1005 3157 1101 3220 iocari
1125 3163 1221 3236 atque

286 3257 360 3322 alias
381 3271 432 3316 res
456 3268 560 3336 agere,
591 3253 659 3310 ante
685 3263 773 3328 quam
792 3238 1025 3324 Chrysogonum
1044 3239 1218 3314 nominavi3

285 3358 376 3423 quern
402 3337 492 3400 simul
521 3339 609 3413 atque
640 3330 743 3412 attigi,
776 3328 875 3391 statim
904 3325 997 3402 homo
1031 3342 1067 3388 se
1098 3323 1218 3397 erexit;

82 3479 85 3488 .
195 3487 198 3498 ,
284 3426 388 3504 mirari
417 3421 499 3482 visus
530 3423 592 3492 est;
626 3413 780 3489 intellexi,
824 3409 896 3492 quid
924 3425 993 3472 eurn
1025 3408 1218 3492 pupugisset.

285 3509 396 3572 lterum
419 3520 458 3565 ⁴ao
482 3502 570 3564 tertio
595 3497 756 3562 nominavi.
799 3494 909 3557 Postea
930 3493 1069 3557 homines
1092 3507 1219 3554 cursare

286 3593 366 3655 ultro
395 3593 425 3649 et
452 3587 529 3648 citro
557 3601 620 3646 non
652 3580 838 3654 destiterunt3
862 3576 964 3654 credo,
1000 3577 1052 3658 qui
1075 3573 1217 3656 Chryso-

286 3689 369 3756 gono
394 3671 573 3747 nuntiarent,
592 3683 662 3732 esse
681 3665 811 3747 aliquem
832 3660 1016 3742 incivitate,
1038 3659 1090 3744 qui
1112 3663 1218 3722 conha

323 3854 333 3887 ¹
353 3872 398 3917 orn.
420 3871 487 3905 esse.
