2546 4310
899 199 981 300 uxr

98 393 234 465 tendens,
255 391 283 449 in
304 391 380 450 bello
405 410 460 451 non
476 388 613 464 'acerbum
634 393 721 451 luisse
742 349 829 470 dicii,
851 413 924 454 nnnc
944 403 1032 456 totum

99 477 220 534 cesaris
243 477 354 556 lactum.
401 477 432 534 ln
455 478 577 534 eiusdem
603 481 738 550 orationis
759 483 780 549 s
802 482 844 536 28
865 481 963 538 eadem
986 499 1033 538 ars
1057 517 1066 526 -

98 562 168 616 nihil
189 577 244 617 non
267 559 412 616 enarrandi
435 562 463 618 in
484 562 627 618 Beneckio
648 564 770 636 perspici
792 569 902 636 potest3
921 569 1033 623 nam‘et
1121 561 1122 572 ¹

98 645 125 700 is
150 650 179 699 et
201 643 338 700 Soldanus
361 644 463 714 cruos,¹
487 651 517 700 ut
541 661 615 716 ego,
647 662 663 700 e
683 646 829 706 codicillus
850 647 1034 720 addiderunt,

99 725 151 782 red
169 728 257 784 ‘v'erba
280 734 407 798 tanquam
432 728 540 799 integra
564 734 593 783 et
616 745 682 785 sana
704 730 746 784 sic
771 731 949 786 continuant:
983 747 1032 800 oo,

98 810 240 882 attitiae
263 808 395 866 mettius
418 808 510 880 bellis,
541 827 594 867 uec
615 813 645 866 in
664 810 746 868 ecles
765 813 865 884 inopis,
897 830 982 887 quum
1002 815 1034 870 in

99 891 244 965 reliquis?
267 909 362 949 omnes
378 895 451 949 enirn
469 893 601 950 vincendi
618 894 713 951 studio
730 894 901 953 tenebamur.
940 898 991 955 Ubi
1009 899 1034 954 ri

99 977 162 1049 quis
186 977 363 1049 quaesiverit,
399 977 473 1049 quod
502 978 613 1035 verbum
636 979 799 1036 subiiciatur
820 981 965 1056 particulae
986 998 1034 1051 no,
1059 1047 1062 1056 Ι

99 1064 129 1114 et
148 1057 183 1115 ad
206 1075 287 1131 quam
311 1059 473 1117 sententiam
497 1061 635 1116 referatur
655 1062 715 1118 lano
736 1064 926 1134 comparatio:
947 1071 980 1120 ut
999 1065 1035 1145 pr

100 1143 404 1216 etc.,2respondebitur
420 1144 474 1198 liae
495 1144 746 1216 interpretatione:
765 1139 874 1222 f'Oder,
898 1161 958 1202 was
977 1146 1035 1218 bey

100 1224 328 1297 Burgerlrriegen
349 1225 401 1282 der
423 1226 481 1283 Fall
506 1233 630 1298 zu'seyn
652 1229 758 1300 pilegt,
789 1245 850 1285 war
874 1229 934 1285 dies
958 1229 1035 1285 nicht

101 1309 173 1363 ancli
195 1307 249 1380 bey
273 1309 344 1364 ench
366 1309 439 1366 noclr
462 1311 539 1365 mehr
560 1308 610 1367 der
631 1308 706 1384 Full,
738 1312 778 1367 als
803 1311 933 1384 heyden
954 1313 1035 1369 ibri-

101 1386 203 1462 genl''
246 1392 285 1447 lta

101 1471 233 1531 ciuilium
254 1408 346 1544 baillia,
368 1490 409 1547 ,ru
423 1491 536 1548 ⁸namur
558 1475 589 1532 in
609 1475 691 1534 eolis
708 1477 854 1536 ernnust
896 1480 956 1534 truc
980 1478 1035 1534 erit

101 1559 158 1614 iam
179 1555 291 1615 latina:
321 1575 369 1628 cu,
393 1574 432 1614 ur
454 1561 489 1632 tit
507 1560 539 1614 in
561 1558 690 1624 civilibus
712 1558 802 1630 deltis,
826 1562 857 1617 io
874 1559 977 1618 volu?
1007 1567 1035 1617 et

101 1654 157 1716 pro
175 1641 249 1698 troci
269 1642 304 1714 tit
326 1643 411 1698 etiam
431 1643 463 1696 in
482 1641 572 1712 colu,
594 1659 647 1697 nec
666 1643 698 1698 ia
717 1641 799 1699 robis
816 1646 907 1714 mepte
927 1645 1036 1700 dicetur

101 1723 233 1782 brevius:
264 1725 301 1797 itt
326 1740 381 1780 nec
407 1725 438 1780 in
470 1723 552 1781 cobis
575 1726 683 1796 mopis3
723 1731 865 1800 postremo
888 1743 939 1800 pro
961 1728 1035 1784 hcc:

101 1821 158 1865 nce
176 1808 208 1864 r'o
226 1806 309 1865 vairs
327 1821 425 1865 munus
450 1825 535 1882 quum
554 1809 585 1864 in
605 1808 723 1882 reliquis
744 1816 791 1865 aut
811 1825 863 1884 pro
885 1811 958 1867 hoc:
992 1825 1034 1884 su·
1064 1832 1068 1838 ·

99 1892 135 1947 in
154 1890 236 1949 cotis
257 1905 359 1948 uncus
380 1908 468 1966 quom
490 1893 522 1948 to
543 1892 661 1964 reliquis
683 1893 896 1952 substituemus:
919 1909 982 1953 nnc
1006 1893 1037 1950 io
1093 1903 1097 1910 ’

101 1972 186 2032 ectu
208 1989 306 2031 muare
331 1991 358 2049 p.
380 1975 401 2032 i.
422 1975 563 2052 reliquis*
589 1973 681 2049 (unu
707 1975 840 2032 hactenus
869 1979 1035 2050 putavimus,

96 2056 152 2133 'qui
176 2059 219 2115 sic
242 2058 364 2116 diceret:
395 2074 453 2114 oon
481 2059 513 2114 io
536 2056 618 2115 codes
636 2059 727 2130 mepta
749 2075 834 2134 puam
853 2060 885 2118 io
907 2060 1035 2138 reliquis,

307 1407 341 1447 ne
364 1409 416 1465 pro
438 1394 491 1448 hac
508 1392 749 1466 interrogatione:
772 1411 820 1464 aa,
845 1389 929 1465 quon
951 1397 987 1469 itt
1003 1397 1036 1451 in
1132 1451 1136 1462 ,

102 2141 277 2213 significare,
299 2159 359 2213 eoa,
377 2139 447 2216 quo's
463 2141 661 2215 alloqueretur,
681 2159 737 2199 non
754 2149 887 2216 prostare
905 2145 1037 2220 reliquis3
1132 2151 1133 2161 ¹

95 2239 178 2281 nunc
207 2225 396 2297 significabit,
428 2242 478 2283 eos
505 2241 561 2282 non
586 2223 688 2280 cedere
712 2225 852 2299 reliquis.)
877 2227 933 2286 'lit
953 2245 1035 2302 quum

103 2307 148 2365 rio
168 2323 327 2364 enarramus
347 2309 513 2382 scriptorum
534 2307 619 2366 verbe
644 2314 672 2364 el
689 2310 766 2366 'talia
796 2309 942 2383 fingimus,
975 2327 1037 2369 cum

102 2381 309 2448 notissimarum
326 2408 417 2448 rerum
434 2391 606 2448 confusione
617 2398 646 2446 et
666 2407 772 2464 eorum,
793 2408 854 2464 quoe
867 2394 940 2448 alies
953 2401 1037 2451 tene-

103 2491 165 2532 mus
183 2479 212 2530 et
227 2473 408 2546 inculcamus,
432 2474 588 2532 voluntaria
606 2475 758 2546 oblivione,
781 2476 895 2546 ingenia
918 2493 933 2532 a
955 2477 1037 2535 nobis

102 2557 141 2615 ed
163 2558 491 2626 subtilitatenexerceri
513 2557 647 2614 dicimusl
680 2559 819 2614 Soldanus
840 2559 923 2616 eliam
945 2561 1037 2618 ascri-

102 2642 148 2699 bit
168 2639 244 2714 (uam
273 2642 344 2714 apud
368 2641 498 2698 Orellium
522 2657 564 2696 me
585 2648 826 2698 commemoratum
849 2635 1036 2716 reppererat),
1055 2687 1059 2698 ,

103 2731 150 2782 me
175 2739 285 2798 quoque
306 2724 422 2795 uidisse,
451 2719 503 2779 ”ea
527 2725 573 2782 hic
598 2725 756 2798 excidisse,
778 2740 840 2799 que
862 2728 976 2800 proprie
1000 2727 1037 2783 de

102 2807 276 2865 Tuberonum
305 2808 399 2864 studio
430 2808 504 2864 dicte
529 2802 650 2866 essent.''
696 2809 735 2864 lta
753 2823 843 2882 uero.
888 2809 1037 2868 Excidisse

104 2891 243 2961 dixeram,
264 2907 320 2946 nnn
343 2890 502 2948 stultissima
522 2891 569 2948 illa
592 2885 684 2964 ellip'si
702 2909 767 2949 usus
784 2908 870 2949 eram.
911 2893 1037 2951 Excide-

104 2981 169 3034 runt
191 2980 281 3030 eutem
303 2975 356 3046 sic,
386 2979 425 3046 ut,
450 2991 531 3048 quum
556 2974 657 3031 Cicero
678 2975 837 3032 Tuberones
857 2971 1037 3034 vehementes

105 3064 135 3114 et
159 3057 510 3136 victoriulcupidissimos
539 3059 625 3116 luisse
650 3058 785 3129 dixisset,
818 3063 892 3132 tum,
930 3077 964 3116 ne
986 3075 1037 3116 ecs
1099 3049 1105 3060 '

103 3141 220 3216 proprie
242 3145 270 3196 et
291 3125 392 3214 praetei
413 3145 524 3198 ceteros
545 3156 678 3198 accusare
699 3142 849 3214 rideretur,
871 3144 927 3200 hoc
948 3143 1046 3200 adde-·

104 3228 168 3281 ret:
208 3239 263 3280 nec
282 3224 313 3279 in
334 3222 416 3282 actis
438 3226 529 3296 mepte
549 3231 620 3294 etc,
653 3225 776 3300 reliquos
806 3231 834 3284 et
863 3243 894 3284 se
926 3241 1037 3302 quoque
1068 3219 1071 3224 '
1159 3271 1163 3279 .

104 3307 206 3364 codem
231 3307 467 3381 comprehendens
493 3303 634 3380 generel

197 3389 257 3447 Non
276 3396 344 3463 puto
364 3392 471 3464 peritos
494 3397 539 3462 et,
578 3390 653 3464 quod
674 3408 806 3472 summurn
828 3395 888 3464 est,
917 3391 987 3447 recti
1009 3395 1055 3448 et·

105 3470 167 3529 seni
188 3471 286 3531 iudicii
307 3473 434 3530 homines
457 3475 535 3547 plura
557 3475 684 3549 exempla
706 3475 787 3532 huius
810 3476 923 3549 generis
941 3475 1038 3547 requi·
1088 3476 1096 3486 “

107 3654 117 3681 ¹
135 3649 241 3693 Klotzio·
255 3649 290 3694 eie
303 3650 411 3707 scripulis
434 3661 481 3704 nn,
504 3657 532 3694 ut
541 3653 574 3704 fit
587 3651 614 3694 in
630 3652 747 3696 ciattttno
762 3653 848 3704 tellis,
867 3665 913 3695 nec
929 3653 955 3695 iu
970 3635 1036 3695 ucle'u

132 3706 222 3762 megin,
236 3717 309 3760 poam
321 3707 347 3748 iu
358 3707 475 3760 reliquiar
489 3718 571 3751 omnes
582 3708 773 3750 entmm'ncemti
784 3708 866 3750 studio
875 3706 1040 3752 tenebamur?

133 3759 185 3858 aee
200 3759 292 3866 Ἠῐίὲο,
314 3759 371 3817 qulu
386 3759 445 3804 lianc
459 3759 667 3818 interrogationem
681 3760 804 3806 denlerere
824 3755 908 3819 pou,
934 3773 974 3805 eun
988 3760 1040 3816 qni·

165 3827 186 3858 m
270 3841 276 3854 .
