2554 4312
191 123 193 134 ’
268 167 321 222 roe
581 135 851 255 ¹omorio

222 339 329 418 olque
351 335 447 420 ipsius
469 343 501 401 et
521 335 573 400 lilii
595 335 690 404 rides.
740 335 818 411 Quid
841 334 881 400 do
900 333 1045 400 iratribus
1065 333 1191 400 dieuml

267 417 356 498 Noli,
392 417 512 498 Cesar,
542 427 666 502 putore,
699 420 737 502 de
759 421 849 484 unius
877 420 974 502 eapite
999 435 1056 482 nos
1084 436 1192 503 egere.

267 503 341 567 Aut·
357 509 420 566 tres
445 503 500 566 tibi
528 504 642 588 Ligarii
669 503 817 568 retinendi
845 504 877 566 in
904 504 1024 566 civitate
1047 510 1117 567 suut
1141 509 1193 566 out

149 645 153 652 .
266 593 372 650 trese
401 587 521 650 eivitdte
542 588 768 652 exterminandi.
823 586 898 651 Nem
922 585 1076 668 quodvis¹
1097 588 1191 648 exsi-

266 670 340 733 lium
363 670 410 732 his
439 675 485 732 est
514 672 642 754 optatius
683 689 771 755 quum
796 672 914 753 patrio,
947 688 1036 752 quem
1071 669 1191 750 domus,

267 771 357 835 quum
384 753 425 816 dii
445 760 586 835 penates,
614 773 675 818 uno
698 755 749 817 illo
768 752 937 818 exsulante.
991 753 1023 818 Si
1044 750 1191 831 fraterne,

156 917 158 922 Ι
266 837 294 899 si
316 837 377 918 pie,
399 837 425 899 si
448 838 638 902 cumdolore
656 837 778 917 fuciunt,
800 842 941 900 moveant
961 843 990 899 te
1009 837 1118 900 horum
1141 836 1190 898 le-

248 919 388 998 mine,
419 928 539 986 movent
558 924 675 1005 pietas,
706 927 825 986 movent
847 922 1047 1003 germanitos3
1087 920 1191 982 velent

266 1009 318 1065 tue
340 1020 401 1066 uox
424 1005 495 1081 ille,
528 1023 594 1088 que
616 1007 699 1069 uicit.
751 1005 794 1068 'le
815 1007 895 1068 enim
917 1003 1020 1066 dicere
1041 1001 1191 1066 audieba-

265 1103 344 1164 mus,
370 1104 426 1152 nos
448 1105 554 1154 omnes
575 1088 766 1166 adversarios
786 1094 902 1170 putare,
925 1088 984 1151 nisi
1006 1089 1058 1168 qui
1079 1087 1192 1150 nohis-

135 1241 141 1250 „
266 1187 335 1232 oum
359 1177 481 1250 essent,
514 1179 545 1235 te
567 1191 690 1251 omues,
724 1173 776 1255 qui
806 1177 911 1233 oontru
937 1177 968 1234 te
988 1188 1051 1232 non
1074 1176 1190 1248 esseut,

211 1319 218 1332 „
264 1258 344 1316 tuos.
385 1251 518 1318 Videsne
540 1255 631 1339 igitur
648 1256 727 1319 hune
743 1255 946 1338 splendorem,
961 1254 1087 1316 'omnem
1110 1253 1190 1316 hune

264 1336 471 1401 Brocchorum
493 1338 623 1418 domurn,
645 1339 724 1402 huno
744 1338 776 1401 L.
791 1337 945 1415 lloroium,
969 1337 1002 1400 C.
1018 1336 1189 1414 Cesetium‚

217 1497 220 1504 .
265 1417 300 1483 L.
329 1417 511 1500 Corfidium,
545 1421 627 1485 lros²
655 1439 759 1486 omnes
785 1421 902 1503 equites
931 1421 1102 1499 Romanos,
1137 1421 1190 1502 qui

266 1501 375 1567 adsunt
395 1511 479 1580 veste
499 1510 627 1583 mutato,
660 1518 726 1569 non'
742 1505 840 1570 solum
863 1511 951 1568 notos
973 1504 1062 1582 tibi,‚'
1082 1521 1190 1566 verum

266 1587 355 1650 etium
380 1589 523 1671 probatos
545 1589 647 1668 viros,
683 1590 735 1671 qui
753 1589 879 1652 tecum³
899 1586 1041 1652 luerunt
1086 1587 1189 1667 Atque

257 1670 313 1742 =luis
343 1672 566 1751 irascebamur,
602 1672 660 1736 lros
688 1672 933 1754 requirebamus,
971 1671 1019 1734 his
1048 1669 1189 1734 nonnulli

144 1765 148 1780 ·
266 1755 355 1816 etiem
383 1755 580 1819 minabuntur.
628 1754 782 1820 Cousmuu
807 1757 902 1840 igitur
929 1755 988 1818 tuis
1015 1771 1108 1851 suos,
1143 1758 1189 1832 ut,

153 1838 657 2002 12,nitidisnlitidis
676 1833 1189 2003 ltililldlddsddd

265 2021 375 2088 posses
397 2005 590 2068 concordium
603 2005 801 2089 Ligariorum,
825 2023 930 2068 omnes
953 2004 1063 2068 lrutres
1087 2011 1187 2066 tecum

265 2087 416 2150 iudioures
433 2086 538 2150 fuisse.
583 2088 632 2151 An
646 2095 745 2171 potest
760 2091 917 2172 quisquam
935 2087 1081 2166 dubitare,
1103 2087 1186 2168 quin,

264 2172 292 2234 si
306 2241 309 2248 ,
325 2169 366 2250 Ο,
381 2171 522 2254 Ligurius
552 2170 692 2237 initalia
721 2191 790 2238 esse
818 2174 983 2257 potuisset,
1017 2173 1047 2234 in
1080 2170 1186 2234 eudem
1260 2213 1261 2218 κ

264 2255 413 2316 sententia
445 2253 564 2318 iuturus
592 2254 700 2336 fuerit,
741 2257 773 2320 in
808 2274 867 2337 quo
899 2255 1010 2321 irrues
1041 2253 1186 2317 luerunt?

175 2389 177 2394 .
265 2334 341 2410 Quis
369 2345 434 2415 est,
472 2341 524 2421 qui
552 2338 660 2403 horum
692 2355 871 2412 consensum
902 2356 976 2403 oons
998 2339 1127 2400 irentem
1156 2342 1187 2398 et

263 2439 351 2504 pene
364 2422 524 2486 oonllutum
545 2423 577 2485 in
595 2422 652 2486 huo
666 2440 763 2508 prope
782 2425 951 2508 equalitate
971 2357 1104 2485 fleterne
1122 2437 1185 2483 nou

263 2504 409 2568 noverit?
432 2506 482 2588 qui
501 2506 561 2570 hoe
583 2524 644 2570 non
666 2508 784 2584 sentiet,
808 2508 926 2589 quidvis
947 2507 1034 2588 prius
1052 2503 1183 2568 futurum

262 2585 369 2666 luisse,
392 2607 480 2671 quern
501 2597 535 2652 ut
557 2588 590 2652 hi
607 2589 719 2653 iratres
740 2589 875 2655 diversus
896 2589 1061 2654 sententies
1083 2587 1184 2650 fortu-
1260 2657 1261 2674 χ

262 2688 378 2752 nosque
401 2673 624 2754 sequerentur?
665 2673 823 2737 Voluntate
845 2674 938 2757 igitur
959 2689 1063 2747 omnes
1084 2677 1183 2734 tecum

261 2752 396 2834 luerunt,
418 2761 593 2838 tempestate
615 2756 756 2840 abreptus
779 2763 942 2834 est,unus;
980 2756 1032 2837 qui
1056 2755 1083 2818 si
1104 2771 1181 2816 eou-

224 2900 230 2906 .
261 2837 331 2900 silio
351 2837 384 2902 id
407 2837 540 2917 ferisset,
562 2847 645 2904 esset
667 2843 772 2916 eorum
795 2840 913 2917 similis,
934 2857 1010 2920 quos
1032 2843 1065 2902 tu
1083 2843 1183 2900 temen

215 2922 363 2984 eosulvos
393 2941 463 2986 esse
492 2924 623 2987 voluisti.
668 2923 728 2989 Sed
749 2925 819 2988 ierit
841 2924 879 2987 ud
896 2923 1025 2999 bellum3
1060 2921 1181 2985 dissen-

261 3004 360 3067 serit*
380 3023 440 3068 nun
462 3025 480 3069 u
500 3013 529 3069 te
552 3007 661 3086 solum,
687 3025 790 3071 verum
814 3009 904 3070 elium
928 3026 946 3070 e
968 3004 1129 3068 frutribus:
1150 3001 1181 3066 lri

140 3087 146 3094 “
217 3119 221 3136 ·
259 3093 291 3149 te
314 3094 401 3150 orent
421 3091 474 3158 tui.
508 3089 677 3177 Equidem,
698 3107 789 3173 quum
809 3092 869 3154 tuis
891 3086 1182 3170 omnibus'negotiis

260 3173 449 3248 interessem,
469 3174 614 3236 memorie
631 3179 732 3252 teneo,
751 3175 849 3256 qualis
869 3175 920 3238 'ld
933 3172 1074 3256 Ligurius
1092 3187 1181 3252 que-

183 3269 189 3282 ·
259 3261 324 3320 sior
339 3256 472 3320 urbanus
493 3254 585 3319 fuerit
608 3275 683 3340 ergo
703 3263 734 3320 te
749 3265 779 3322 et
800 3259 974 3342 dignitatern
995 3262 1085 3329 tuum.
1120 3251 1181 3317 Sed

257 3356 364 3422 purum
388 3345 444 3418 est,
466 3358 514 3402 me
532 3340 591 3403 hou
612 3340 801 3420 meminisse3
832 3359 924 3426 spero
945 3340 1035 3402 etiam
1058 3344 1108 3416 te,
1129 3336 1180 3420 qui

258 3422 398 3487 oblivisci
417 3425 493 3489 nihil
512 3423 614 3505 soles,
640 3425 700 3488 nisi
719 3427 860 3507 iniurius,
890 3425 1030 3510 quonium
1054 3422 1114 3485 hoo
1135 3422 1181 3484 est

1260 4065 1261 4097 l

258 3551 489 3577 -ι--ι-ι-ὸ--υ

175 3646 178 3668 ·
296 3633 306 3664 ¹
327 3633 400 3684 codd.
419 3651 499 3704 prope
518 3647 613 3686 omues.
630 3623 667 3676 -’
682 3636 876 3690 exterminandi.
901 3636 1028 3700 Quodvis.
1075 3630 1179 3684 ’codd

291 3727 327 3741 -
344 3701 435 3775 ludece-
479 3705 491 3736 ⁸
510 3704 605 3758 viros?
624 3704 729 3776 Tecum.
765 3705 870 3760 ‘codd
889 3701 952 3774 (E.)
970 3730 1004 3746 ¹-
1024 3705 1180 3760 discesserit.

293 3771 397 3826 'codd
419 3771 465 3841 (E.
482 3770 526 3838 0.)
545 3797 578 3813 -
594 3782 649 3826 tum
667 3774 693 3827 Τ.
910 3787 913 3792 ’
