2468 4318
282 223 334 277 m
584 217 821 276 ΜΔΤΗ)
855 217 905 274 Ν.

280 397 327 462 si
350 391 516 470 drsccbos,
537 391 590 474 qui
609 391 717 454 dmum
738 390 876 454 ubuum
895 389 996 488 plebis
1016 389 1084 458 ieri
1104 393 1191 472 uoluit

281 499 344 546 nou
366 478 400 542 G.
418 476 582 553 mechus,
604 477 657 557 qui
677 477 817 558 marios
839 483 996 540 cunctere
1011 484 1133 542 consus
1149 485 1192 554 est

281 583 344 630 uon
365 563 399 626 L
422 560 610 636 Saturninus,
634 562 686 641 qui
708 559 741 622 C.
758 559 929 621 Memmium
948 561 1071 642 occidit,
1092 563 1123 625 in
1141 563 1191 625 dis·

280 650 396 714 crimen
418 643 541 726 aliquod
564 649 654 725 etque
682 643 716 706 in
743 651 855 705 vostre
875 646 1047 707 severitatis
1069 647 1192 708 iudiciun

280 731 457 804 adducitur3
495 734 636 792 tenentur
655 726 689 804 ii,
719 728 772 809 qui
794 726 834 789 od
853 727 939 790 urbis
958 729 1138 808 incendium,
1164 727 1193 790 ud

279 811 437 878 rmum*
461 811 595 874 omnium
618 810 743 888 cedem,
761 810 800 872 sd
820 810 982 873 Catilinam
1003 812 1192 896 accipiendum

279 899 383 962 llomm
397 896 585 969 restiterunt;
608 899 749 956 tenentur
761 894 878 970 littere,
899 894 999 976 signs,
1019 915 1134 972 munus,
1149 895 1192 957 de-

279 983 374 1064 niquo
394 980 634 1076 uniuscuiusque
647 977 803 1040 consessio
811 997 822 1074 Ξ
833 977 1047 1077 'sollicitentur
1064 979 1191 1077 Allobro-

280 1059 1193 1226 tiu⁶ttltnif¹tffllultl⁰¹0littlf¹nlllt

282 1233 321 1296 sd
343 1230 562 1314 dqiloreudum
583 1228 705 1312 quidem
725 1228 832 1311 populi
852 1227 1004 1293 Romani¹
1031 1248 1140 1292 nomen
1158 1233 1192 1289 ut-

281 1335 344 1399 que
358 1315 400 1378 ed
418 1313 638 1376 lamentandum
657 1313 733 1375 tenti
752 1311 872 1394 imperii
893 1313 1094 1376 calamitatem
1115 1313 1192 1376 rebu-

211 1393 401 1483 aequatus
443 1396 514 1460 fleo
537 1398 639 1460 omnus
659 1395 776 1458 indices
798 1395 985 1475 detulerunt,
1008 1400 1058 1462 rei
1080 1396 1191 1460 confessi

169 1501 175 1510 ·
282 1489 363 1562 sunt,
383 1498 440 1545 vos
453 1479 554 1544 multis
573 1482 637 1542 ium·
653 1479 773 1542 iudiciis
792 1479 959 1558 iudicastis,
983 1475 1192 1563 primumquod

268 1567 356 1632 *mibi
378 1567 493 1650 gratias
515 1565 624 1646 egistis
650 1563 857 1646 singularibus
880 1563 983 1626 verbis
1006 1571 1039 1628 et
1060 1583 1126 1628 mco
1142 1562 1191 1626 rir-

281 1659 347 1716 tuto
378 1656 470 1731 etque
499 1647 659 1731 dibgentio
683 1646 870 1729 perditorum
890 1646 1047 1712 bominum
1069 1648 1191 1711 coniun-

245 1787 247 1798 ,
280 1737 395 1800 tionem
415 1730 596 1815 patetnctnn
615 1730 710 1793 essc⁸
730 1730 920 1809 decrevistis,
943 1731 1056 1795 deinde
1081 1729 1154 1814 quod
1170 1727 1191 1788 l.

279 1817 460 1894 Lentulum,
494 1821 528 1877 ut
548 1832 583 1877 se
606 1813 760 1876 abdicaret
780 1820 930 1894 probum
958 1817 1123 1900 coegistis,
1147 1819 1192 1874 tun

322 1901 364 1964 od
386 1917 456 1964 eum
477 1903 508 1961 et
528 1905 661 1976 ceteros,
682 1898 721 1961 de
743 1897 853 1978 quibus
872 1898 1037 1976 iudicastis,
1061 1902 1094 1962 in
1107 1903 1192 1960 cosb-
1220 1967 1221 1976 ἵ

280 1919 361 2050 πω
384 1981 499 2047 dandos
521 1982 702 2059 censuistis,
725 1982 934 2064 meximeque,
955 1983 1039 2066 quod
1062 1999 1129 2045 meo
1147 1995 1192 2042 no-
1220 1987 1221 2008 ³

279 2068 362 2132 mine
384 2065 636 2149 supplicationem
665 2065 863 2144 decrevistis,
898 2067 950 2147 qui
981 2066 1083 2130 bonos
1109 2067 1192 2146 togoto

279 2151 401 2215 babitus
423 2156 493 2212 suto
513 2167 563 2211 me
586 2157 635 2212 est
656 2149 787 2224 nemini3
819 2155 974 2231 postremo
997 2141 1138 2214 besteru‘o
1156 2145 1192 2208 dio

279 2235 404 2318 premis
426 2232 536 2316 legetis
559 2232 760 2316 Allobrogum
782 2232 911 2314 Titoque
933 2231 1092 2297 Volturcio
1121 2229 1191 2294 dedi-

279 2319 337 2383 stis
359 2317 552 2399 amplissimo.
595 2316 669 2390 Quo
690 2323 761 2380 sunt
783 2317 885 2379 omnio
913 2317 1082 2394 eiusmodi,
1118 2321 1148 2378 ut
1168 2310 1191 2384 ii,

279 2403 333 2486 qui
355 2398 388 2466 in
409 2401 576 2464 custodium
597 2400 773 2462 nominatim
794 2399 855 2463 dati
878 2407 959 2478 sunt,
981 2401 1051 2464 siue
1069 2400 1128 2463 ullo
1147 2395 1192 2459 du-

279 2486 425 2550 bitatione
449 2503 468 2547 o
489 2483 578 2547 vobis
602 2483 732 2545 dumocti
753 2501 824 2546 esse
846 2483 1015 2548 videantur.

250 2593 269 2641 s
298 2631 307 2644 ,
369 2568 431 2634 Sed
451 2586 512 2651 ego
532 2567 644 2630 institui
666 2565 785 2629 referre
804 2567 843 2630 ed
864 2584 930 2646 vos,
950 2574 1054 2650 potres
1074 2559 1191 2630 consori-

279 2653 341 2736 ptl‚
364 2658 514 2734 umqucrn
534 2652 598 2714 inte
658 2668 707 2728 ur,
730 2651 820 2712 etde
842 2649 942 2729 luem,
966 2651 1038 2734 quid
1061 2645 1192 2716 iudicetis,

278 2743 311 2802 ct
332 2736 371 2798 de
394 2753 513 2818 poeno,
546 2735 598 2816 qui
647 2735 806 2798 censeatis.
853 2733 907 2797 lllo
935 2735 1114 2817 praedicam,
1140 2743 1190 2821 quc

278 2827 351 2884 suut
371 2818 516 2882 consulis.
557 2817 624 2900 ligo
645 2835 786 2900 maguum
817 2818 849 2880 in
878 2835 914 2880 re
943 2819 1065 2901 publicu
1095 2827 1191 2880 versuo

279 2901 416 3002 imorem
445 2907 475 2964 ot
502 2919 582 2964 novo
610 2901 744 2983 quedem
767 2901 889 2964 misceri
911 2909 941 2965 et
963 2902 1107 2965 concitari
1129 2893 1189 2959 roob

277 2985 638 3132 littlltllitllln
650 2983 1190 3152 ttlllttllllnbttltll

278 3153 424 3236 quidquid
448 3159 505 3228 est,
525 3169 707 3234 quocunque
728 3158 837 3215 vestrm
858 3160 975 3216 mentes
997 3153 1138 3216 inclinent
1154 3149 1188 3206 ut·
1216 3209 1217 3220 ,

300 3255 341 3300 uc
361 3236 537 3312 sententio,
567 3235 758 3298 statuendum
787 3235 875 3299 vobis
907 3241 977 3299 onte
1005 3243 1121 3300 noctem
1148 3232 1188 3322 erl·

279 3257 428 3395 amotum
449 3317 567 3381 focinus
589 3319 627 3382 od
650 3336 706 3382 vos
729 3318 861 3382 deletum
882 3321 941 3397 sit,
974 3320 1092 3383 videtis.
1130 3312 1187 3376 llutt

277 3393 1187 3568 littttlltllttilttsbcilitiistbi

276 3570 360 3635 novit
381 3586 444 3632 nou
465 3569 563 3632 solum
585 3586 643 3651 per
662 3569 788 3648 ltaliam,
810 3588 915 3634 verum
936 3571 1030 3636 ,etium
1050 3576 1185 3632 transcen·
1215 3603 1216 3649 ,

277 3651 322 3716 dit
342 3650 438 3736 Alpes
459 3659 489 3714 et
507 3651 641 3716 obscure
661 3670 791 3736 serpens
810 3654 920 3726 multos
950 3655 1008 3718 ium
1037 3644 1185 3738 provincio

282 3767 512 3786 Μ

315 3823 466 3880 ¹vcstrcrn.
514 3825 584 3882 'roi
604 3828 726 3896 publico.
775 3827 878 3884 'codd-
897 3857 932 3870 -
950 3841 1005 3900 pst.
1024 3847 1050 3886 e.
1067 3828 1152 3884 coniur-
1214 3859 1215 3953 p
