2468 4318
129 241 139 252 ”
185 237 298 313 'rao
320 254 355 310 r.
382 249 533 310 ammio
557 249 751 336 uruomu.
892 251 943 303 rsa
981 285 983 298 .

37 430 80 493 ilie
99 431 127 494 in
146 429 217 508 silla
238 424 397 507 resideret,
425 445 484 492 noc
504 437 545 489 eo
566 426 599 489 in
619 424 689 487 loco
709 421 855 501 subsedit,
880 437 942 506 quo

37 515 79 576 ille
96 520 179 576 noctu
199 521 346 577 venturus
369 512 476 575 esset?

110 597 200 660 Video
226 604 369 660 constare
393 596 505 670 adhuc,
528 591 669 674 iudices,
693 590 838 652 omnia¹:
881 589 943 653 mi-

37 680 87 758 loni
108 683 193 744 etiam
214 681 291 743 utile
313 680 408 745 fuisse
431 678 571 741 Clodium
594 676 718 751 rivere,
751 671 796 736 illi
828 673 865 736 ad
896 681 944 752 ea,

36 781 90 843 que
118 765 331 846 concupierat,
366 762 586 846 optatissimum
619 759 773 821 interitum
805 757 925 820 Milonis
933 776 944 833 ς

36 847 121 908 odium
146 847 242 909 fuisse
266 847 348 911 illius
377 848 409 909 in
433 845 514 908 hunc
542 843 786 918 acerbissimum,
830 841 945 904 nullum

36 927 108 992 huius
134 931 164 993 in
195 931 297 1007 illum3
341 926 588 994 consuetudinem
613 926 694 1007 iliius
715 929 890 1006 perpetuam
913 925 944 986 in

36 1013 245 1092 dirimenda,
279 1015 368 1078 huius
391 1020 503 1076 tantum
527 1010 558 1072 iu
580 1008 773 1090 repellenda;
817 1013 992 1070 mortem⁶²

36 1095 65 1156 ab
87 1097 133 1159 dio
155 1096 356 1160 denuntiatam
377 1097 482 1160 Miloni
502 1100 531 1156 et
552 1093 722 1175 praedictam
748 1091 863 1172 palam,
892 1093 945 1154 ni·
962 1090 970 1120 ’“

36 1177 70 1240 hil
87 1200 221 1261 umquam
244 1181 377 1244 auditum
402 1198 441 1240 ex
462 1177 594 1251 Milone;
635 1175 833 1257 profectionis
856 1175 944 1238 huius

36 1261 100 1324 diem
122 1264 163 1325 iili
185 1273 302 1342 notum,
325 1263 459 1326 reditus²
485 1261 565 1324 illius
587 1259 658 1324 huic
680 1260 814 1341 ignotum
831 1257 926 1322 fuisse
934 1277 944 1333 ;

36 1343 109 1408 huius
130 1349 185 1409 iter
207 1349 433 1424 necessarium,
460 1346 541 1408 illius
560 1344 648 1406 etiam
671 1343 772 1424 potius
795 1342 944 1417 alienum3

36 1427 101 1491 hunc
127 1449 189 1512 pre
218 1450 254 1494 se
278 1431 402 1506 tulisse,
448 1430 500 1492 iilo
533 1445 567 1490 se
595 1427 644 1487 die
668 1425 762 1488 Roma
785 1427 946 1503 exiturum,

36 1511 105 1574 iilum
126 1532 162 1576 eo
187 1516 238 1578 die
263 1533 298 1578 se
323 1514 529 1578 dissimulasse
552 1509 735 1584 rediturum;
770 1508 850 1572 hunc
872 1509 945 1570 nul-

36 1593 83 1656 lius
102 1599 146 1659 rei
171 1605 306 1662 mutasse
330 1597 506 1671 consilium,
544 1594 628 1655 ilium
663 1609 784 1653 causam
803 1591 946 1654 mutandi
1026 1627 1038 1664 ·¹

36 1680 139 1743 consilii
160 1681 306 1757 finxisse3
329 1680 411 1757 huic,
435 1680 462 1741 si
483 1676 685 1752 insidiaretur,
706 1681 826 1737 noctem
847 1691 946 1756 prope

35 1762 125 1824 urbem
146 1764 390 1848 exspectandam,
414 1763 469 1840 illi,
492 1759 609 1824 etiamsi
633 1757 713 1820 hunc
735 1775 796 1820 non
815 1759 946 1834 timeret,

36 1849 121 1908 tamen
140 1867 297 1913 accessum
312 1848 352 1910 ad
368 1846 473 1909 urbem
496 1849 675 1906 nocturnum
691 1839 788 1904 fuisse
804 1848 946 1920 metuen-

36 1925 101 1990 dum.
147 1931 310 1995 Videamus
331 1948 411 1993 nunc
432 1929 473 2007 id,
498 1926 580 2009 quod
601 1932 691 2006 caput
714 1932 770 2002 cst,
795 1925 881 1989 locus
907 1923 991 1988 adse
1009 1908 1059 1981 20

35 2009 143 2076 insidias
164 2016 217 2078 ille
239 2017 324 2098 ipse,
346 2012 412 2077 'ubi
434 2010 594 2096 congressi
623 2015 709 2087 sunt,
742 2009 802 2071 utri
825 2009 946 2100 tandem

35 2091 111 2158 tuerit
132 2101 238 2179 aptior.
286 2097 318 2161 ld
344 2114 436 2175 sero,
471 2095 605 2171 iudices,
639 2093 727 2157 etiam
752 2093 946 2156 dubitandum
1054 2099 1056 2103 ’

36 2183 60 2236 et
84 2180 187 2244 diutius
221 2181 416 2265 cogitandum
446 2177 516 2242 est?
561 2177 641 2250 Ante
678 2176 802 2239 fundum
835 2176 946 2256 Clodii,

36 2259 85 2339 qud
113 2267 142 2326 in
172 2266 267 2328 fundo
298 2271 423 2346 propter
453 2263 574 2324 insanas
606 2260 673 2324 illas
707 2261 946 2325 substructiones

36 2342 112 2408 iacile
131 2349 286 2412 hominum
310 2348 419 2410 mille³
454 2344 628 2408 versabatur
653 2344 833 2423 valentium,
863 2345 946 2408 edito

36 2427 187 2494 adversarii
219 2439 310 2513 atque
342 2430 465 2492 excelso
495 2429 565 2490 locu
598 2425 788 2508 superiorem
815 2446 850 2491 se
878 2428 947 2490 sore

36 2518 164 2589 putarat4
202 2515 276 2594 Milo
306 2519 336 2576 et
367 2514 406 2576 ob
438 2531 503 2579 eom
527 2528 592 2572 rem
615 2529 683 2572 eum
706 2510 805 2573 locum
827 2511 864 2574 ad
885 2529 947 2593 pu-

36 2612 113 2673 gnam
141 2600 331 2680 potissimum
363 2595 526 2680 elegerat?
540 2595 565 2654 ⁶,
603 2613 640 2656 an
674 2596 705 2656 in
734 2611 772 2656 eo
799 2595 868 2656 loco
901 2599 948 2656 est

35 2680 122 2754 potius
143 2689 334 2764 exspectatus
354 2682 390 2743 ab
416 2699 465 2758 eo,
496 2679 547 2760 qui
569 2679 664 2759 ipsius
687 2678 747 2740 loci
769 2696 824 2760 spe
845 2677 949 2740 facere

36 2758 164 2843 impetum
195 2765 371 2849 cogitarat?
416 2763 476 2826 Res
509 2763 641 2844 loquitur
672 2763 754 2843 ipsa,
792 2761 945 2841 iudices‚⁶

38 2861 94 2922 qua
120 2867 241 2934 semper
272 2849 352 2911 valet
383 2847 551 2929 plurimum.
612 2844 644 2909 Si
675 2846 741 2907 haec
772 2862 833 2908 non
862 2852 949 2928 gesta

38 2929 179 3011 audiretis,
204 2933 258 2995 sed
281 2933 362 3015 picta
383 2930 537 3007 videretis,
562 2935 660 2990 tamen
683 2934 852 3009 appareret,
882 2937 996 2992 uteros

39 3019 107 3074 esset
134 3017 310 3094 insidiator,
347 3021 417 3078 uter
446 3013 521 3076 nihil
552 3013 702 3094 cogitaret
732 3013 820 3090 maii,
837 3028 839 3032 ·
859 3032 950 3094 quum

39 3093 103 3158 alter
132 3101 295 3162 veheretur
327 3099 358 3160 in
390 3098 484 3160 rheda
513 3095 698 3177 paenulatus,
741 3114 800 3158 una
829 3098 951 3161 sederet
1030 3155 1041 3164 .

39 3191 113 3242 uxor.
156 3183 234 3256 Quid
258 3182 365 3246 horum
396 3198 457 3244 non
473 3179 769 3261 impeditissimum?
813 3183 950 3258 vestitus,

40 3275 71 3320 aa
87 3265 265 3344 vehiculum,
287 3284 324 3328 arr
347 3264 474 3326 comes?
506 3264 578 3344 quid
597 3264 697 3326 minus
720 3272 890 3346 promptum
912 3263 951 3327 ad

39 3357 175 3428 pugnam,
208 3368 299 3431 quum
327 3349 445 3430 penula
474 3347 623 3414 irretitus,
656 3347 751 3410 rheda
781 3347 952 3428 impeditus,

39 3441 125 3493 uxore
146 3451 232 3515 paene
254 3434 433 3497 constrictus
457 3431 562 3496 esset?
605 3429 713 3494 Videte
743 3448 824 3494 nunc
855 3430 952 3511 illum,
1008 3441 1012 3448 ’

42 3553 258 3578 ᾕψ--ιι-

73 3632 81 3664 ¹
101 3637 131 3689 Ε.
149 3666 183 3678 -
202 3641 260 3694 adh.
281 3650 364 3696 const.
384 3645 481 3708 omnia,
503 3641 614 3694 iudices.
651 3641 664 3673 ²
684 3641 806 3694 reditum.
845 3639 858 3670 ⁸
878 3637 952 3692 codd.
1031 3645 1035 3651 '

70 3727 101 3741 -
118 3711 186 3762 mille
204 3712 346 3766 hominum.
401 3713 416 3744 ⁴
435 3713 467 3764 lt.
485 3735 519 3749 ·-
537 3712 653 3779 putabat.
708 3709 813 3762 ⁸0⁰³&
834 3705 897 3776 (E)
917 3733 954 3748 ··

71 3773 205 3846 delegerit.
243 3781 307 3836 ⁶E.
328 3808 360 3820 -
379 3783 490 3848 iudices,
509 3784 575 3849 ipse.
968 3795 971 3802 '
