2490 4316
280 237 334 289 aot
373 201 560 289 enarro
589 229 682 286 ano
712 230 837 286 naua
863 229 1141 288 nnxorxno.

234 428 298 491 40⁸
320 406 376 468 te¹
401 402 519 467 liberati
542 401 660 464 timore.
704 399 771 464 Non
792 401 901 478 debeo,
931 400 966 464 C.
989 401 1102 482 Caesar,
1126 406 1202 486 quod

280 489 347 554 lieri
368 488 449 552 solet
471 487 503 548 in
524 487 614 547 tantis
634 485 787 566 perieulis,
811 485 937 572 tentare,
960 477 1091 566 quonam
1114 489 1201 549 modo

280 573 409 637 dicendo
432 569 670 632 misericordiam
686 576 975 634 tuameommovere
991 573 1119 650 possim.
1150 571 1203 633 lti-

279 657 322 721 hil
344 673 423 736 opus
443 658 498 716 est.
549 651 718 714 Occurrere
738 652 816 714 solet
835 651 930 731 ipsa⁹
963 653 1156 734 supplicibus
1176 661 1204 716 et

280 735 485 814 calamitosis,
516 735 628 799 nullius
650 735 785 797 oratione
807 740 941 797 evocata.
988 735 1133 818 Propone
1153 738 1204 798 tibi

281 823 358 886 duos
382 839 474 903 reges
497 825 527 880 et
557 819 587 881 id
610 819 709 880 animo
738 818 962 898 contemplare,
996 819 1080 901 quod
1110 821 1205 884 aculis

280 923 342 968 non
361 909 459 986 potas.
500 901 594 964 Dabis
616 900 753 984 prolecto
778 901 1006 980 misericordiae,
1034 904 1116 984 quod
1141 906 1204 966 ira-

281 989 399 1056 utndiae
420 985 618 1068 denegavisti.
661 984 749 1046 llulta
770 989 839 1047 sunt
864 990 923 1046 tuae
946 985 1114 1048 clementiae
1135 1005 1204 1048 mo-

280 1071 440 1148 numenta,
476 1069 531 1134 sed
553 1068 681 1130 maxime
700 1085 804 1130 eorum
825 1067 1064 1147 incolumitates,
1096 1071 1205 1152 quibus

280 1157 408 1218 salutem
430 1152 548 1216 dedisti.
593 1151 666 1223 Quae
687 1151 713 1212 si
741 1152 773 1213 in
802 1151 927 1231 privatis
958 1151 1098 1296 gloriosa
1128 1160 1206 1228 sunt,

281 1239 374 1303 multo
396 1237 492 1318 magis
516 1234 827 1296 commemorabuntur
844 1234 876 1295 in
897 1235 965 1317 regi
987 1253 1033 1298 us.
1081 1235 1206 1318 Semper

281 1323 400 1405 regium
423 1336 534 1382 nomen
553 1320 582 1380 in
605 1318 661 1379 lrac
679 1318 797 1379 ciuitate
813 1321 948 1380 sanetum
966 1316 1032 1395 suit,
1053 1321 1206 1382 sociomm

171 1417 218 1487 15
237 1422 356 1487 41vero
373 1421 481 1486 regum
499 1407 529 1464 et
545 1402 707 1464 amicorum
725 1401 953 1464 sanctissimum.
990 1400 1080 1474 Quod
1096 1420 1205 1465 nomen

282 1491 313 1554 hi
337 1505 430 1571 reges
449 1503 489 1548 ne
505 1485 683 1559 amitterent,
706 1485 874 1561 teuictore,
896 1485 1076 1560 timuerunt,
1102 1493 1205 1548 reten-

216 1585 218 1590 '
280 1581 343 1637 tum
372 1587 448 1634 vero
472 1574 502 1632 et
525 1588 542 1631 a
566 1574 596 1630 te
628 1565 831 1630 confirmatum
860 1568 992 1649 posteris
1021 1570 1112 1632 etiam
1147 1572 1205 1633 suis

281 1657 445 1722 tradituros
468 1670 538 1716 esse
559 1651 687 1714 conlido.
742 1649 881 1733 Corpora
911 1651 995 1713 sua⁸
1031 1670 1089 1733 pro
1111 1654 1205 1716 salute

213 1793 216 1798 .
280 1757 388 1824 regum
409 1753 533 1800 suorum
553 1735 585 1797 hi
609 1733 700 1816 legati
723 1734 776 1796 tibi
798 1734 878 1817 regii
898 1733 1028 1812 tradunt,
1051 1734 1162 1798 llieras
1178 1743 1206 1798 et

245 1833 248 1842 '
281 1823 449 1888 Blesamius
473 1825 504 1882 et
523 1817 706 1900 Antigonus,
731 1817 784 1880 tibi
808 1817 959 1898 nobisque
985 1819 1129 1882 omnibus
1149 1813 1204 1881 iam

282 1908 333 1972 diu
349 1906 424 1983 noti,
449 1903 615 1982 eademque
636 1900 694 1962 lide
716 1909 747 1964 et
761 1901 869 1964 virtute
885 1901 1027 1983 preditus
1042 1901 1204 1984 Dorylaus,

281 1991 334 2074 qui
352 2005 449 2072 nuper
464 2004 531 2048 cum
548 1983 639 2046 Hiera
656 1983 773 2067 legatus
789 1990 836 2046 est
852 1984 891 2047 ad
907 1989 938 2046 te
953 1985 1075 2062 missus,
1096 1987 1204 2067 quum*

281 2093 389 2158 regum
407 2069 590 2144 amicissimi,
615 2073 674 2130 tum
698 2067 751 2130 tibi
772 2068 871 2145 etiam,
897 2073 930 2130 ut
948 2085 1052 2150 spero,
1077 2069 1203 2150 probati.

236 2157 414 2239 42Exquire
438 2153 477 2216 de
497 2151 657 2229 Blesamio,
682 2150 825 2234 numquid
847 2151 885 2215 ad
906 2169 1011 2234 regem
1033 2158 1141 2215 contra
1160 2153 1204 2215 di-

279 2241 426 2326 gnitatem
440 2242 521 2298 tuam
538 2235 703 2315 scripserit.
738 2234 845 2298 llieras
863 2234 984 2316 quidem
999 2253 1123 2298 causam
1140 2253 1205 2299 om-

282 2343 351 2388 nem
370 2320 496 2402 suscipit
517 2326 548 2382 et
568 2317 741 2382 criminibus
765 2318 825 2382 illis
846 2335 903 2400 pro
921 2335 998 2401 rege
1009 2337 1049 2381 se
1065 2321 1205 2402 supponit

281 2425 393 2472 reum..
422 2404 598 2468 liemoriam
620 2409 699 2464 tuam
721 2402 878 2486 implorat,
915 2419 974 2482 qua
1001 2401 1087 2464 vales
1108 2404 1205 2485 pluri-

282 2508 380 2567 mam3
413 2494 507 2571 negat
527 2503 666 2568 umquam
688 2504 723 2549 se
743 2505 760 2548 a
783 2490 814 2547 te
833 2485 865 2548 in
886 2484 1022 2548 Deiotari
1043 2486 1203 2548 tetrarchia

305 2576 391 2639 edem
411 2571 610 2644 discessisse3
655 2569 808 2651 inprimis
830 2567 939 2631 linibus
963 2569 1017 2631 tibi
1040 2587 1077 2632 se
1097 2575 1203 2650 praesto

281 2596 379 2723 Fuisse
400 2657 482 2732 dicit,
513 2653 665 2735 usquead
686 2653 806 2716 ultimos
826 2657 1039 2733 prosecutum
1075 2671 1166 2734 qurum
1187 2671 1203 2712 e

282 2742 392 2806 balneo
415 2739 551 2814 exisses,
579 2745 678 2800 tecum
700 2753 734 2799 se
750 2734 864 2813 luisse,
896 2753 986 2816 quum
1009 2737 1061 2798 illa
1082 2753 1202 2798 munera
1243 2751 1244 2816 j

283 2824 471 2907 inspexisses
488 2827 651 2898 coenatus,
677 2839 765 2902 qurum
790 2820 821 2882 in
843 2818 983 2882 cubiculo
1003 2819 1203 2892 recubuisses,
1243 2817 1244 2880 i

283 2909 470 2989 eandemque
499 2905 702 2970 assiduitatem
731 2902 784 2966 tilii
806 2919 841 2966 se
861 2901 1030 2984 prebuisse
1052 2903 1202 2986 postridie.

238 3027 274 3075 43
285 2992 497 3068 Quamobrem,
518 2989 545 3053 si
568 2990 639 3070 quid
662 3004 775 3065 eorum,
797 2985 998 3068 quaeobiecta
1016 2993 1096 3056 sunt,
1117 2985 1202 3066 cogi-

284 3082 374 3139 tatum
396 3075 444 3152 sit,
468 3091 530 3144 non
551 3079 681 3149 recusat,
702 3071 771 3152 quin
794 3071 825 3134 id
843 3085 930 3132 suum
952 3067 1098 3132 lacinus⁶
1126 3069 1201 3130 iudi-

284 3177 346 3222 ces.
391 3157 550 3236 Quocirca,
573 3155 606 3218 Ο.
629 3155 739 3230 Cesar,
759 3155 850 3216 velim
872 3151 1037 3230 existimes,
1058 3151 1201 3215 hodierno

284 3245 334 3308 die
353 3241 531 3306 sententiam
555 3246 635 3302 tuam
660 3243 710 3301 aut
730 3256 798 3301 cum
818 3252 935 3300 summo
963 3235 1115 3298 dedecore
1146 3236 1199 3296 mi-

284 3329 440 3392 serrimam
461 3331 578 3404 pestem
601 3324 822 3404 importaturam
846 3337 917 3382 esse
934 3320 1061 3401 regibus
1082 3324 1134 3382 aut
1156 3319 1199 3380 in-

283 3412 433 3474 columem
450 3406 558 3469 famam
582 3424 648 3468 cum
671 3406 784 3480 salute;
809 3421 936 3486 quorum
952 3402 1077 3464 alterum
1091 3408 1199 3483 optare,

219 3536 221 3542 .
284 3495 408 3558 illorum·
424 3491 608 3556 crudelitatis
630 3495 691 3566 est;
715 3489 839 3552 alterum
856 3503 1049 3586 conservare,
1070 3485 1198 3550 clemen·
1242 3485 1243 3506 ¹

188 3593 193 3600 ’
283 3580 332 3640 tie
356 3585 425 3640 tue.

322 3865 333 3895 ⁶
354 3859 428 3917 codd.
448 3859 509 3926 (E.)
530 3886 561 3897 -
581 3861 631 3912 fac.
651 3875 732 3911 suum.

517 3973 946 4000 *w*-
952 3979 961 3984 ··
1031 3969 1037 3974 “
