2554 4312
277 217 329 270 102
622 211 860 268 ORATIO

278 387 438 472 ignosces,
460 397 545 448 'core
573 387 604 446 le
625 382 750 450 fratrum
779 401 836 466 pro
860 382 962 448 lrolrls
986 384 1082 450 selnle
1105 383 1190 448 obse-

280 471 427 534 erenlium
451 468 666 547 miscreatur‚'’
706 485 808 532 nonne
842 485 962 531 omnem
989 469 1191 532 humanitatem

281 551 448 618 exuisses?
474 549 593 626 ouante
615 551 675 616 hoo
697 552 812 630 durius,
834 551 917 633 quod
937 569 994 616 nos
1019 552 1099 614 domi
1120 553 1192 633 peli-

174 699 180 712 ,
281 654 348 701 inus
360 637 383 714 ¹,
406 635 529 698 idolo
552 635 583 698 in
606 633 676 699 loro
701 635 871 718 oppugnari
903 634 958 696 el²
980 637 1011 698 in
1034 637 1085 698 leli
1109 634 1192 698 mise-

236 722 327 784 1⁵rie
343 719 504 782 mullorum
521 718 692 800 perfugium
708 719 926 782 misericordie
943 719 1077 782 lollere‘l
1100 719 1193 781 Dicam

281 805 394 952 plano,
428 799 564 880 Caesari,
598 803 681 884 quod
699 803 808 866 sentio.
861 801 894 868 Sl
919 802 950 865 in
971 803 1030 864 heo
1051 809 1132 866 mole
1153 808 1194 864 luo

296 892 402 949 orione
425 886 532 949 lenilos
557 892 638 948 lente
666 903 729 950 non
761 891 862 960 esset,
898 887 1012 966 quem⁴
1033 892 1064 947 ln
1089 904 1145 968 per
1162 891 1195 959 le,

282 988 340 1052 per
357 974 406 1047 le,
433 970 574 1050 inquom,
606 970 746 1047 obtines,
778 969 947 1051 (intelligo,
979 971 1054 1050 quid
1074 971 1106 1034 lo
1127 970 1195 1044 uer‚)

284 1052 480 1140 acerbissimo
503 1053 584 1116 luelu
613 1053 796 1120 redundaret
829 1054 887 1116 isle
917 1053 1053 1116 victorie.
1108 990 1196 1126 {loom

282 1136 368 1200 mulli
397 1137 478 1198 enim
500 1143 603 1200 essent
626 1136 870 1213 deridendus,
909 1139 960 1216 qui
991 1142 1022 1198 le
1054 1137 1197 1199 crudelem

284 1233 354 1283 esse
384 1219 517 1296 vellent,
557 1239 648 1301 quum
678 1221 767 1282 eliam
798 1220 837 1281 de
869 1219 956 1282 victis
987 1218 1196 1300 reperientur?

284 1320 374 1386 quom
394 1303 489 1380 mulli,
511 1304 574 1383 qui,
596 1321 686 1384 quum
707 1322 724 1367 e
745 1309 776 1367 te
791 1304 909 1386 ignosci
929 1305 1066 1365 nemini⁵
1086 1305 1197 1377 vellem,

284 1386 465 1468 impedirent
487 1386 675 1450 clementiam
698 1393 797 1463 luem,
817 1405 908 1467 quum
930 1387 1020 1448 etiem
1044 1388 1075 1460 ii,
1101 1387 1196 1468 quibus

284 1471 352 1550 ipso
366 1470 519 1552 ignovisti,
541 1465 637 1532 dolini
653 1477 682 1532 te
698 1471 814 1534 esseio
833 1471 935 1532 elics⁶
953 1469 1197 1532 misericordem?

92 1613 96 1626 ,
239 1564 273 1614 16
286 1553 374 1628 Quod
397 1554 424 1616 si
445 1554 576 1634 probare
600 1552 713 1616 Creseri
736 1571 913 1636 possemus,
935 1553 966 1616 in
986 1553 1093 1616 Alricu
1115 1553 1198 1634 ligo-

169 1637 173 1643 ’
284 1639 362 1700 rium
384 1638 506 1700 omnino
530 1655 592 1700 nen
615 1635 731 1715 luisse,
764 1639 790 1700 si
811 1637 940 1700 honeslo
966 1643 997 1698 el
1017 1635 1198 1698 misericordi

284 1720 443 1784 mendacio
457 1720 547 1783 soloti
568 1721 627 1783 civi
645 1720 820 1784 calamitoso
843 1737 913 1783 esse
930 1721 1089 1798 vellemus,
1112 1726 1199 1782 lemen
1250 1737 1251 1752 ¹

285 1803 416 1867 hominis
440 1819 502 1865 non
526 1808 625 1878 esser,
660 1804 691 1866 in
714 1810 797 1867 tento
819 1803 994 1868 discrimine
1018 1810 1048 1865 el
1070 1801 1199 1884 periculo

286 1886 361 1948 civis
384 1883 530 1948 refellere
560 1891 591 1948 el
616 1886 829 1970 redarguere⁷
850 1893 985 1950 nostrum
1009 1887 1200 1960 menducium,

286 1969 351 2048 el⁸,
373 1969 399 2032 si
423 1977 506 2031 esset
527 1969 675 2047 alieuius,
699 1972 767 2034 cius
790 1977 873 2032 cerlo
896 1989 958 2034 non
981 1977 1080 2049 esset,
1108 1971 1200 2052 quiin

285 2051 392 2116 eedem
414 2068 504 2112 oense
538 2057 568 2113 et
597 2051 718 2116 fortune
748 2053 865 2116 fnisset.
920 2052 979 2118 Sed
1003 2060 1105 2116 lemen
1130 2049 1200 2116 eliud

256 2213 260 2220 ¹
284 2141 340 2211 esl,
363 2132 628 2198 orrereCaeserem
652 2137 746 2215 nolle,
769 2137 849 2200 eliud
859 2141 905 2198 est
916 2137 941 2214 ⁹,
963 2137 1047 2199 nolle
1061 2136 1200 2200 misereri.
1252 2150 1253 2218 l

246 2275 249 2280 .
285 2218 361 2281 Tum
374 2216 509 2279 diceres:
531 2216 663 2297 ’'Caeser‚
679 2219 924 2297 ceve¹⁰credes3
947 2219 1046 2283 initio
1060 2219 1200 2292 Airioe¹¹;
1252 2227 1253 2280 l

285 2301 353 2364 lulil
373 2317 456 2362 armo
477 2306 581 2364 contre
604 2305 662 2365 te.”
705 2303 791 2368 Nunc
810 2303 886 2386 *quid
907 2303 1011 2366 dicis?
1034 2303 1138 2368 ”Cove
1158 2304 1201 2385 ig·

193 2433 201 2444 .
284 2385 425 2448 moscus.”
479 2384 553 2448 Haec
582 2405 640 2448 nec
660 2387 792 2450 hominis
822 2405 879 2450 nec
911 2386 949 2449 ed
974 2386 1128 2450 hominem
1150 2403 1201 2448 vox
1252 2425 1253 2442 .

286 2474 343 2545 esl,
367 2486 426 2550 que
447 2469 499 2550 qui
521 2470 600 2551 opud
622 2476 662 2548 le,
686 2470 720 2534 C.
743 2468 856 2550 Caesar,
880 2472 972 2533 ulilur
985 2469 1025 2547 ¹²,
1055 2489 1141 2534 suem
1161 2470 1202 2530 ci-

286 2554 345 2616 lius
368 2551 488 2614 abiiciel
508 2553 719 2616 humenilelem
741 2572 830 2635 quem
848 2554 1038 2636 extorquebit
1061 2560 1154 2616 luem.

173 2637 176 2654 “
200 2621 224 2694 6
244 2639 276 2687 17
375 2634 423 2696 A'c
442 2637 557 2717 primus
579 2638 676 2701 odilus
699 2645 730 2700 el
758 2637 922 2718 postulatio
944 2636 1114 2702 Tuberonis
1137 2638 1202 2710 haec,

287 2723 320 2778 ul
343 2718 471 2798 opinor,
494 2718 567 2795 lull,
600 2721 679 2783 velle
700 2739 736 2784 se
758 2721 796 2782 de
820 2721 856 2795 Q.
877 2721 992 2802 Ligarii
1015 2721 1136 2784 scelere
1160 2719 1202 2781 di-

287 2818 368 2862 cere.
414 2801 482 2864 Non
504 2801 620 2881 dubito,
642 2805 714 2885 quin
736 2804 896 2868 odmirelus
917 2805 973 2882 sis,
995 2804 1045 2866 vel
1067 2805 1148 2886 quod
1171 2801 1202 2863 de

286 2885 371 2948 nullo
402 2885 462 2947 cllo
493 2886 668 2968 quisquam,
702 2889 752 2952 vel
777 2887 858 2969 quod
880 2887 928 2964 is,
961 2888 1013 2968 qui
1043 2888 1073 2950 in
1106 2887 1202 2950 eedem

287 2985 379 3029 conse
400 2966 524 3047 fnisset,
556 2969 606 3034 vel
628 2971 769 3052 quidnam
793 2973 863 3034 novi
884 2970 1013 3034 sceleris
1027 2971 1057 3009 ¹³
1079 2971 1202 3034 offerret

287 3049 394 3113 Scelus
415 3058 446 3114 tu
470 3054 543 3117 illud
566 3071 669 3132 voces,
690 3054 837 3119 Tubero?
859 3054 940 3118 cur?
965 3053 1026 3138 lsto
1048 3056 1128 3116 enim
1150 3070 1202 3114 no-

289 3134 371 3195 mine
394 3135 446 3198 ille
470 3135 566 3199 adhue
591 3155 683 3200 onusn
704 3140 809 3202 ceruit.
858 3138 921 3202 Alii
945 3155 1080 3200 errorem
1103 3135 1202 3219 appel-

289 3217 363 3295 lanc,
387 3217 438 3282 elii
459 3220 616 3295 timorem;
652 3223 704 3303 qui
724 3222 847 3300 durius,
875 3240 980 3302 spem,
1011 3222 1203 3302 cupidinem,

291 3301 411 3380 odium,
440 3303 652 3384 pertinaciam
694 3306 746 3388 qui
768 3307 965 3388 gravissime,
996 3307 1202 3373 temerilolem3

289 3386 390 3448 soclus
412 3394 522 3469 praeler
544 3393 574 3449 le
597 3389 695 3452 adhuc
715 3407 815 3452 nemo.
867 3392 914 3451 Ac
935 3388 1009 3450 milri
1029 3389 1159 3470 quidem,
1180 3385 1202 3448 si

328 3540 338 3571 ¹
360 3542 490 3607 periimus.
533 3539 547 3571 ²
569 3542 595 3595 id
615 3549 641 3595 te
660 3545 687 3597 in
705 3543 724 3596 l.
742 3559 897 3612 oppugnare
919 3551 954 3596 el·
996 3544 1007 3574 ⁸
1032 3541 1109 3594 Codd.
1128 3565 1161 3582 -
1177 3537 1201 3590 C.

325 3608 421 3662 Cesar.
467 3609 480 3641 ⁴
501 3611 572 3664 codd.
592 3611 654 3677 (Ε.)
674 3639 707 3652 -
726 3623 856 3681 quantem
903 3613 915 3644 ⁵
936 3613 1008 3664 codd.
1028 3613 1089 3678 (E.)
1107 3638 1140 3652 -
1157 3628 1200 3662 ne·

324 3683 387 3732 nrini
404 3684 515 3750 ignosci.
553 3682 564 3712 ⁰
584 3683 660 3734 codd.
675 3681 735 3748 (E.)
747 3687 782 3722 -’
793 3688 820 3736 in
832 3685 899 3737 elios
917 3699 985 3736 esso.
1025 3683 1199 3750 ¹·ooorgoero.

324 3751 335 3780 ⁸
356 3767 402 3800 orrr.
421 3760 554 3802 elerrore.
593 3753 605 3783 ⁹
627 3754 699 3806 codd.
716 3751 778 3818 (ll.)
792 3772 882 3806 -oon
904 3762 952 3804 est.
993 3753 1022 3784 ¹⁰
1043 3751 1122 3819 Cere,
1140 3749 1199 3804 Cer·

229 3861 232 3868 .
324 3819 351 3850 ¹¹
373 3821 398 3871 in
417 3819 506 3872 Alrieo
523 3821 650 3890 Liger-ius.
689 3822 718 3855 ¹²
739 3832 831 3876 nlelnr.
872 3823 900 3856 ¹³
921 3821 1076 3889 [iecinorisl.
