2490 4316
291 221 397 276 asri-
490 285 493 292 ,
567 279 571 290 ,
633 219 870 278 oansro

291 392 425 462 audacie
445 396 523 474 tue,
547 393 660 475 qnann¹
683 411 785 478 neane
806 393 970 460 mataritae
990 395 1080 462 buius
1099 396 1193 462 ordinis

231 485 236 492 '
290 496 392 562 neque
422 476 606 541 existimatio
634 479 741 622 populi
771 477 897 542 Romani
919 498 1026 562 neque.
1040 481 1121 564 leges
1141 482 1193 543 ulla

247 588 281 638 10
291 568 417 647 possent
439 559 611 624 codrcere?
665 568 849 638 erumtamen
872 561 944 644 quid
967 571 1043 642 erat,
1067 563 1140 647 quod
1158 580 1193 626 ma

255 703 259 728 ,
291 664 326 712 ro
352 663 437 723 ares,
465 645 492 708 si
515 649 580 707 erat
600 643 645 722 is,
667 645 788 727 de'qno
811 646 963 728 rogabas,
994 646 1119 710 Caesaris
1140 647 1194 727 lega

291 668 461 795 regnatus?
505 727 565 794 Sed
585 727 727 793 videlicet
748 747 844 792 meam
863 729 990 811 gratiam
1013 731 1108 795 voluit
1127 747 1194 804 essm

291 815 324 880 in
342 831 402 897 quo
423 829 462 876 ne
481 811 576 894 ipsius
592 811 712 892 quidem
733 813 795 876 ulla
816 829 887 878 esse
906 820 1036 894 poterat,
1058 815 1126 897 lege
1142 813 1194 876 lata.

204 894 229 964 ὅ
383 894 444 962 Sed
465 913 557 977 quum
578 895 669 972 milri,
701 900 802 976 patres
822 897 1004 978 conscripti,
1038 904 1069 974 et
1090 913 1142 980 pro
1158 912 1194 956 ma

183 981 187 998 “
293 979 407 1062 aliquid
429 985 459 1043 et
479 979 511 1041 in
531 975 570 1042 Ill.
588 976 751 1041 Antonium
772 978 865 1042 multa
887 977 1016 1056 dicenda
1038 981 1113 1059 sint,
1134 979 1195 1042 altc-

291 1082 359 1128 rum
381 1069 453 1144 peto
476 1080 494 1125 a
514 1061 612 1140 vobis,
633 1067 665 1125 ut
685 1080 735 1124 me
752 1078 818 1144 pro,
831 1080 879 1132 me
902 1061 1054 1128 dicentem
1074 1064 1194 1145 benigne,

290 1149 420 1212 alterum
441 1147 508 1228 ipse
530 1143 668 1222 efficiam,
694 1151 737 1224 ut,
766 1151 871 1222 contm
889 1145 973 1210 illum
997 1167 1090 1228 quum
1105 1147 1195 1220 dicam,

292 1236 402 1296 abente
429 1229 564 1292 audiatis.
611 1229 706 1293 Simul
733 1227 808 1292 illud
832 1245 908 1306 oro,
943 1230 971 1294 si
999 1249 1098 1294 meam
1125 1244 1193 1310 qum

291 1314 324 1378 in
348 1311 429 1376 omni
452 1313 512 1376 nita
533 1318 596 1393 tum
616 1313 648 1376 in
669 1311 797 1382 dicendo
812 1309 1050 1380 moderationem
1071 1310 1194 1378 modesti-

291 1398 398 1460 secavi
421 1395 594 1480 cognostis,
616 1415 655 1459 ne
676 1413 725 1457 me
745 1394 854 1473 hodic,
878 1414 969 1478 quum
993 1398 1065 1475 isti,
1087 1402 1117 1460 ut
1137 1411 1194 1476 prn-

262 1521 266 1530 ·
291 1485 421 1561 amqnet,
441 1479 641 1561 respondero,
662 1479 786 1543 oblitum
810 1497 879 1544 esse
922 1480 1014 1544 utetis
1038 1481 1106 1544 mei.
1143 1475 1193 1539 Non

257 1636 258 1642 ἵ
291 1564 426 1627 tractabo
448 1569 481 1625 ut
502 1563 675 1637 consulem3
703 1579 743 1625 ne
763 1563 815 1626 ille
835 1564 887 1644 qui
908 1581 957 1626 em
977 1583 1028 1628 me
1049 1571 1082 1628 ut
1101 1578 1194 1626 conm-

291 1647 396 1713 larem.
442 1646 506 1710 Etsi
528 1645 580 1708 ille
600 1645 685 1708 nullo
710 1645 801 1708 modo
828 1645 954 1725 consul,
988 1649 1040 1710 sel
1066 1645 1142 1730 qnod
1166 1645 1194 1706 ita

292 1731 375 1808 visit,
398 1730 460 1792 vel·
472 1728 553 1811 quod
570 1729 612 1791 ita
633 1746 698 1790 rem
719 1728 871 1810 publicam
892 1731 983 1812 gerit,
1006 1731 1058 1796 vel
1075 1726 1149 1812 quod
1166 1727 1195 1788 ita

247 1841 279 1890 11
291 1813 389 1882 factus
408 1817 470 1888 est;
495 1828 555 1894 ego
576 1812 643 1875 sine
664 1812 725 1882 ulla
745 1814 952 1888 controversia
968 1813 1142 1888 consularis.
1169 1808 1194 1870 Ut

290 1894 882 2048 ldltdlldddtndllddlt
901 1897 1116 2064 ielllfflll
1135 1909 1194 2039 td

425 2025 434 2058 a
528 2021 529 2026 ’
1010 2027 1021 2058 a
1180 2011 1194 2026 '

214 2093 215 2096 ¹
290 2063 404 2129 solatus
436 2061 529 2124 verbo
561 2078 665 2139 meus,
699 2068 802 2144 patres
830 2060 1012 2146 conscripti,
1051 2082 1087 2126 re
1115 2065 1194 2124 vester

290 2145 355 2208 luit.
399 2143 477 2219 Quid
500 2143 579 2209 enim
602 2161 661 2226 ego
683 2145 835 2223 constitui,
856 2145 929 2228 qnid
949 2147 1052 2229 gessi,
1074 2143 1140 2229 quid
1156 2141 1193 2224 egi

290 2229 350 2292 nisi
372 2246 412 2290 ex
431 2226 520 2292 buius
539 2227 654 2291 ordinis
675 2228 815 2308 consilio,
836 2231 1023 2310 auctoritate,
1044 2222 1193 2294 senentis?

290 2311 362 2376 llaec
385 2318 417 2374 tu
449 2309 540 2374 bomo
560 2312 701 2393 sapiens,
734 2328 795 2374 non
817 2313 915 2376 solum
937 2314 1102 2397 eloquens,
1133 2305 1193 2392 apnd

291 2413 357 2474 eos,
379 2411 507 2478 quornm
529 2394 658 2458 consilio
679 2395 887 2477 sapientiaque
907 2404 995 2479 gesta
1021 2403 1102 2474 sunt,
1121 2405 1193 2458 amus

290 2497 325 2542 es
342 2479 524 2561 vituperare.
566 2477 641 2552 Quis
660 2485 769 2555 autem,
791 2497 891 2542 meum
910 2481 1109 2555 consulatum,
1129 2491 1193 2561 pra·

290 2569 337 2625 ter
360 2561 392 2625 P.
417 2560 572 2637 Clodium,
593 2561 644 2642 qui
665 2561 865 2643 vituperaret,
890 2563 1031 2626 inventus
1050 2563 1120 2626 est?
1150 2575 1192 2620 cu-

290 2646 338 2710 ius
370 2644 490 2727 quidem
520 2645 573 2706 tibi
601 2643 713 2722 latum,
746 2642 835 2708 monti
864 2644 898 2708 0.
929 2643 1072 2723 Curioni,
1105 2643 1193 2714 manet,
1227 2645 1228 2652 ’

291 2729 432 2811 quoniam
454 2727 485 2790 id
504 2727 587 2790 domi
609 2734 668 2791 tue
696 2732 761 2803 est,
795 2728 962 2826 quodtfuit
989 2729 1110 2793 illorum
1131 2725 1193 2790 ntri-
1227 2754 1228 2843 p

212 2945 219 2952 .
245 2807 1192 2978 ”tttlttltadddit?„ldl‘tttldtlltdb

290 2979 372 3041 illius
391 2979 536 3060 temporis
555 2978 784 3055 consularibus,
818 2979 870 3060 qui
898 2979 1038 3061 proxime
1061 2985 1106 3044 est
1125 2989 1192 3038 mor-

192 3067 196 3080 “
288 3067 378 3137 tuus,
403 3061 527 3143 ,placuit
557 3059 593 3136 Q.
615 3060 741 3140 Catulo,
777 3061 862 3125 cuius
891 3080 1013 3144 semper
1041 3062 1073 3126 in
1098 3060 1151 3124 bac
1167 3069 1193 3118 re

244 3223 246 3227 v
289 3143 410 3227 publica
441 3144 522 3208 vivet
554 3145 734 3221 admonitas,
775 3145 890 3227 placuit
920 3144 1037 3210 duobus
1068 3140 1193 3212 buculis,

288 3227 327 3299 ll.
350 3227 482 3306 Crasso,
518 3227 554 3302 Q.
584 3227 766 3308 Hortensio,
800 3226 835 3292 C.
864 3227 1007 3308 Curioni,
1039 3227 1072 3290 C.
1099 3219 1192 3296 Pisoni,

288 3311 337 3384 Μ’.
360 3309 533 3391 Glabrioni,
566 3311 615 3376 ll’.
635 3310 769 3393 Lepido,
798 3310 833 3376 L.
852 3309 1007 3390 Volcatio,
1039 3310 1072 3374 C.
1093 3309 1123 3372 F'
1162 3304 1192 3399 ¹9·

288 3393 326 3478 l).
345 3393 459 3472 Silano,
479 3392 513 3458 L.
533 3393 676 3473 Murenae,
697 3395 749 3475 qui
772 3400 832 3461 turn
855 3400 941 3459 erant
962 3394 1103 3460 consoles
1142 3405 1191 3450 esr-
1226 3431 1227 3474 ι

288 3479 390 3562 gnati5
436 3478 549 3559 placuit
571 3477 661 3556 idem,
682 3477 764 3559 quod
785 3478 1004 3557 mnsnlaribus,
1030 3476 1068 3542 ll.
1092 3466 1191 3542 Catani

289 3561 341 3643 qui
365 3578 456 3642 quum
478 3560 571 3628 multa
589 3560 649 3624 sita
671 3559 824 3626 excedens
852 3561 1001 3644 providit,
1040 3568 1100 3625 nrm
1127 3547 1190 3637 (1⁰⁰⁶

288 3650 321 3718 te
350 3643 506 3720 consulem
535 3661 598 3716 non
622 3641 704 3715 nidis
759 3644 889 3718 Maxime
922 3661 996 3714 sero
1027 3639 1189 3713 emmaus

290 3756 519 3778 ...ὼ-.-

326 3821 337 3856 ¹
359 3838 445 3902 quem.
