2490 4316
220 221 512 294 ,buccinaret
546 199 776 286 sueonos.
877 304 880 308 Ι
911 219 967 297 ms

49 399 139 466 meum
160 399 214 465 Gn.
233 398 395 484 Pompeius
414 399 572 483 probavit,
606 398 675 482 qui,
712 403 745 463 ut
765 379 814 462 me
834 394 964 481 primum

49 487 188 549 decedens
217 503 256 546 cx
287 483 374 567 Syria
404 484 496 563 uidit,
535 484 714 564 ‘complexus
746 489 776 546 et
807 483 963 565 gratulans

48 587 110 632 mco
136 567 281 631 beneficio
311 568 453 650 patriam¹
469 585 504 629 sc
525 567 658 628 visurum
681 583 750 629 esse
772 566 855 629 dixit.
900 563 963 629 Sed

49 653 113 733 quid
136 652 271 734 singulos
296 649 522 714 commemoro?
568 649 822 731 Frequentissimo
844 648 971 723 senatui}

47 737 87 798 sic
105 731 232 817 placuit,
254 740 287 796 ut
308 739 390 796 essct
412 751 519 811 nemo,
542 733 594 814 qui
617 733 689 795 mihi
707 750 770 795 non
791 739 824 795 ut
843 731 962 814 parenti

47 821 149 902 gratias
171 824 285 900 ageret,
308 819 359 898 qui
381 817 453 879 mihi
475 833 536 880 rron
549 815 562 856 ¹
576 816 676 898 ,vitam
698 834 793 897 suam,
814 815 961 900 fortunas,

47 901 160 980 liberos,
182 901 415 982 rempublicam
437 899 567 962 referret
589 906 752 981 acceptam.
795 897 856 964 Sed
880 888 1049 981 quo-136

47 986 116 1047 niam
139 986 215 1062 illis,
255 1001 330 1066 quos
354 983 527 1060 nominavi,
565 988 609 1045 tot
632 990 663 1044 et
684 982 793 1048 talibus
813 983 887 1046 viris
908 1001 961 1048 res
1034 1063 1037 1068 ⁵
1081 989 1084 994 '

47 1067 155 1148 publica
179 1067 283 1130 orbata
305 1072 368 1145 cst,
396 1068 551 1130 ueniamus
576 1065 614 1128 ad
634 1067 739 1144 vivos,
765 1067 817 1148 qul
839 1065 899 1129 duo
921 1066 960 1130 dc
1056 1137 1061 1156 k

48 1151 238 1213 consularium
253 1166 378 1212 numero
388 1150 500 1230 reliqui
513 1155 590 1212 sunt.
620 1149 653 1212 L.
667 1147 763 1228 Cotta,
780 1151 827 1214 vir
842 1167 960 1215 summo

46 1233 157 1316 ingenio
180 1251 355 1315 summaque
375 1233 553 1315 prudentia,
576 1232 668 1296 rebus
694 1233 732 1295 iis
754 1233 861 1315 gestis,
883 1251 959 1316 quas

46 1323 74 1378 tu
92 1317 306 1400 reprehendis,
340 1316 591 1398 supplicationem
613 1315 747 1379 decrevit
768 1316 870 1398 verbis
891 1336 960 1380 am-

5 1453 6 1456 ,
46 1401 188 1480 piissimis,
213 1401 303 1481 eique
324 1401 368 1462 illl
391 1401 461 1482 ipsi,
486 1416 563 1482 quos
585 1398 676 1461 modo
697 1399 859 1479 nominavi,
880 1419 960 1464 con-

47 1483 152 1546 sulares
175 1492 362 1566 senatusque
384 1488 509 1546 cunctus
532 1499 675 1545 assensus
698 1490 763 1558 est;
786 1483 837 1564 qui
859 1483 959 1548 honos

5 1565 6 1636 ζ
46 1573 106 1647 post
130 1561 278 1630 conditam
298 1567 377 1628 hanc
401 1567 506 1629 urbem
536 1564 655 1628 habitus
682 1571 734 1628 est
756 1571 861 1648 togato
889 1571 959 1630 ante

5 1647 6 1656 ’
46 1668 88 1711 nc
106 1652 225 1714 nemini.
259 1649 293 1715 L.
313 1648 425 1727 cesar,
447 1648 611 1712 avunculus
633 1653 712 1727 tuus,
734 1667 793 1730 qua
811 1649 1005 1730 oratione,14

46 1750 96 1814 qua
115 1734 292 1812 constantia,
314 1751 372 1815 qua
392 1733 539 1816 gravitate
562 1732 739 1794 sententiam
759 1731 835 1795 dixit
855 1733 887 1796 in
902 1749 959 1796 so-

45 1818 337 1898 massmannum,
373 1817 512 1879 vitricum
543 1815 651 1878 tuum?
694 1814 779 1879 Hunc
807 1821 839 1879 tu
866 1834 959 1899 quum

5 1951 7 1982 ,
47 1907 184 1964 auctorem
209 1908 240 1964 et
262 1905 486 1982 praeceptorem
508 1899 640 1962 omnium
665 1899 860 1969 consiliorum
883 1901 959 1962 toti-

5 1989 6 1992 ’
45 1999 130 2064 usque
150 1985 218 2047 uitae
241 1983 399 2046 debuisses
416 1983 540 2060 habere,
559 1983 656 2044 vitrici
671 1989 703 2044 ta
724 1983 852 2046 similem
869 2002 960 2066 quam

5 2063 7 2140 ζ
46 2069 169 2130 avunculi
190 2067 333 2130 maluisti.
375 2066 470 2129 Huius
494 2082 554 2149 ogo
579 2066 696 2130 alienus
720 2064 855 2130 consiliis
878 2055 958 2130 con-2

5 2153 6 2158 ’
46 2149 85 2210 sul
104 2169 172 2214 usus
197 2170 277 2230 sum,
307 2157 339 2212 tu
363 2151 480 2212 sororis
505 2149 584 2213 lilius
605 2149 714 2231 ecquid
737 2148 775 2212 ad
796 2166 865 2213 eum
887 2169 959 2213 urn-

5 2285 7 2324 4
47 2251 122 2310 quam
142 2234 178 2297 de
198 2253 233 2297 re
255 2233 376 2316 publica
396 2232 561 2295 rettulisti?
605 2232 645 2294 llt
673 2232 712 2295 ad
740 2251 818 2314 quos
839 2232 958 2298 refert?

5 2373 6 2396 ,
46 2312 87 2378 bii
103 2315 300 2380 immortales!
327 2317 365 2379 ad
385 2333 440 2378 eos
463 2316 588 2393 scilicet,
612 2333 740 2397 quorum
755 2317 845 2381 nobis
868 2319 958 2380 etiarn

5 2405 6 2474 g
48 2397 102 2462 dies
122 2403 234 2464 natales
254 2399 396 2462 audiendi
417 2405 495 2462 sunt.
526 2398 623 2462 llodie
641 2416 703 2460 non
720 2399 875 2464 descendit
888 2400 958 2464 An·
969 2414 1004 2465 15

5 2487 6 2560 J
46 2485 141 2546 tonius.
184 2483 272 2548 Cur?
297 2484 355 2545 Dat
374 2483 569 2545 nataliciam²
592 2482 624 2544 in
644 2481 749 2545 hortis.
788 2482 869 2547 Cui?
891 2483 957 2547 Ne-

46 2567 143 2630 minem
162 2567 345 2641 nominab03
374 2571 474 2648 putate
496 2572 557 2628 tum
578 2565 752 2628 Phormioni
773 2565 873 2645 alicui,
895 2571 958 2630 tum

5 2705 6 2726 ,
48 2645 190 2730 Gnathoni,
213 2659 277 2714 turn
299 2651 387 2712 etiam
409 2649 569 2711 Ballioni..
590 2647 806 2711 Ofoeditatem
827 2649 958 2714 hominis
1076 2659 1078 2668 ’

5 2815 6 2818 ¹
46 2729 226 2814 flagitiosam!
251 2733 510 2814 oimpudentiam,
532 2732 705 2814 nequitiam,
724 2733 959 2798 libidinemnon

5 2873 6 2882 ,
46 2812 203 2880 ferendam!
249 2817 294 2880 'lu
323 2835 413 2899 quum
433 2816 601 2897 principem
632 2819 820 2894 senatorem,
861 2819 959 2881 civem

5 2899 6 2902 ’
47 2897 235 2981 singularem,
278 2906 337 2962 tam
365 2900 567 3044 propinquum
598 2897 729 2976 habeas,
765 2899 896 2978 adeum
919 2899 959 2965 de

47 2985 212 3063 republica
234 2983 309 3046 nihil
330 3001 365 3044 re
380 3000 459 3059 eras,
479 2981 597 3044 referas
621 2981 658 3043 ad
681 2982 775 3060 cos³,
800 2983 851 3064 qui
873 3001 959 3050 suam

5 3071 6 3074 ’
46 3079 101 3126 ren
119 3069 230 3130 nullam
252 3067 372 3145 habent,
395 3074 473 3129 tuam
493 3063 696 3128 exhauriunt?
720 3063 800 3128 Tuus
817 3067 960 3132 videlicet
1021 3060 1044 3133 7

7 3167 9 3174 ’
48 3148 172 3214 salutaris
197 3150 380 3227 consulatus,
401 3148 592 3233 perniciosus
612 3163 719 3211 meus,
749 3147 878 3214 Adeone
898 3169 959 3233 pu-

48 3227 138 3295 dorem
161 3253 230 3297 cum
252 3233 394 3316 pudicitia
415 3231 581 3314 perdidisti,
603 3237 636 3294 ut
656 3231 714 3294 hdo
735 3232 766 3296 in
785 3250 822 3296 eo
843 3236 958 3316 templo

48 3311 137 3378 dicere
150 3335 242 3380 ausus
259 3318 313 3392 sis,
331 3318 436 3397 inquo
454 3331 513 3397 ego
527 3321 663 3376 sanatum
677 3314 770 3395 illum,
788 3317 839 3398 qui
856 3320 959 3397 quon-'-
1034 3315 1037 3324 '
1063 3329 1065 3334 '

48 3395 105 3458 dam
125 3399 236 3464 florens
260 3401 327 3463 orbi
348 3407 495 3462 terrarum
521 3397 719 3480 presidebat,
753 3399 960 3478 consulebam,
1141 3402 1143 3411 ’

46 3482 74 3540 tu
97 3481 231 3547 homines
254 3483 474 3566 perditissimos
506 3499 574 3544 oum
606 3481 716 3564 gladiis
745 3482 959 3546 collocavisti?

46 3560 80 3623 ht
99 3567 184 3629 etiarn
206 3585 298 3632 ausus
317 3584 351 3630 es
374 3565 457 3656 (quid
478 3570 576 3629 autem
597 3571 653 3644 cst,
674 3565 755 3645 quod
776 3571 808 3629 tu
822 3582 884 3631 non
901 3584 1006 3638 au-1e

50 3692 268 3712 Ἣ

80 3759 158 3815 ¹non
168 3763 247 3888 rrnilri.
300 3763 463 3819 'nmaliclu
519 3761 613 3817 'Vct
628 3787 664 3804 -
688 3759 753 3815 nihil
774 3759 891 3814 celeras:
928 3757 963 3814 ad

80 3844 123 3883 808
139 3850 166 3885 ΥΘ
180 3849 248 3887 eras.

74 3965 119 4010 dic·
135 3969 201 4016 drat-
218 3971 268 4016 Sed.
658 3937 662 3946 ·
737 3971 769 4019 15
