2546 4310
203 3345 205 3348 '
291 3339 398 3394 longiore
412 3338 441 3390 (si

320 263 445 322 XXXVI

269 421 458 490 coarguente,
492 419 623 490 possent,
654 430 735 488 quum
756 414 909 488 presertim
929 385 983 474 una
1006 432 1042 476 ex
1063 425 1197 492 quattuor

269 517 335 560 vera
375 503 499 558 maneret
534 504 562 555 ct
602 514 664 554 curn
702 497 779 554 falsis
815 499 1031 569 coniungeretnr
1045 497 1085 557 ¹.‘
1138 504 1198 562 Sed

268 583 336 644 lorti
359 579 484 640 remedio
505 579 624 640 Orellins
652 596 710 637 neas
732 580 863 653 expedit3
906 596 968 636 caca
998 579 1083 640 totuin
1118 586 1197 642 illum

268 667 360 727 locnan
384 681 419 722 ex
451 664 540 722 media
568 662 688 736 epistola
718 668 848 734 exsecat,
882 668 912 720 ut
941 664 996 726 iarn
1022 666 1092 722 nihil
1124 685 1199 726 coa-

269 755 324 808 rtet
354 748 390 806 de
419 745 542 822 pluribus
574 746 746 806 orationibus
771 745 804 802 ab
837 747 899 820 ipso
930 746 1066 806 Cicerone
1098 751 1146 810 de.
1166 769 1198 808 re

269 831 430 892 catilinaria
453 829 554 902 aditis3
598 829 771 902 tabulamque
792 829 911 902 lepidam
938 834 1102 905 excogitat,
1138 834 1200 891 fal-

268 916 369 980 sarium
390 915 505 988 primurn
529 918 586 971 tres
610 912 751 969 crationes
775 911 905 969 Ciceroni
935 914 1107 988 subiecisse,
1141 917 1198 973 de-

268 999 352 1070 inde,
380 1002 412 1054 ut
431 996 467 1053 iis
491 989 581 1054 locum
606 1000 634 1052 et
654 994 735 1054 iidem
756 1000 887 1068 pararet,
917 997 946 1052 in
971 997 1120 1071 epistolam
1142 999 1197 1074 ci-

270 1081 381 1142 ceronis
400 1079 587 1138 narrationem
608 1093 625 1134 a
648 1095 679 1134 se
703 1078 794 1135 lictum
818 1076 861 1146 ‚de
892 1079 989 1136 iisdem
1022 1081 1198 1150 cretionibus

265 1165 422 1226 inclusisse.
466 1162 587 1232 Verum,
607 1160 734 1234 inquies,
758 1177 839 1234 quum
861 1162 916 1220 illae
938 1164 1064 1236 epistole
1081 1165 1109 1220 in
1131 1182 1197 1222 ma-

266 1249 345 1308 nibus
367 1243 506 1304 hominurn
529 1243 584 1301 iam
607 1249 720 1315 essent,
753 1245 895 1318 quomodo
915 1245 1042 1302 falsarius
1064 1244 1113 1304 ille
1135 1264 1197 1305 non

266 1343 343 1390 suunt
367 1327 544 1404 epistolarum
566 1325 710 1398 codicem,
742 1326 929 1386 sodalicium
950 1314 1088 1400 cincinni,
1121 1347 1196 1403 qnos

268 1412 400 1486 decipere
418 1408 547 1482 volebat,
563 1429 565 1434 ·
582 1408 780 1483 interpolavit,
809 1409 978 1484 effecitque,
1007 1417 1037 1468 ut
1060 1430 1196 1486 nusquam

267 1497 348 1554 aliter
369 1493 488 1570 epistole
510 1491 613 1567 scripta
638 1491 784 1549 exstaret?
805 1491 943 1566 Expediet
959 1494 1058 1552 ilerum
1080 1496 1196 1554 heren-

266 1585 308 1637 tes
330 1578 425 1636 cadens
451 1575 599 1650 sagacitas.
650 1574 790 1632 Falsarius
821 1575 893 1632 enirn
921 1576 946 1633 is
966 1577 1029 1650 ipse
1052 1583 1111 1650 est,
1144 1579 1196 1651 qui

266 1662 394 1726 volumen
415 1660 484 1718 illud
506 1659 685 1734 epistolarum
706 1664 771 1731 post
788 1658 932 1718 ciceronis
954 1665 1071 1717 mortem
1092 1661 1193 1733 edidit,

265 1745 300 1804 ll.
324 1744 426 1802 Tullius
448 1744 524 1800 liro.
570 1741 643 1810 Ouid
665 1739 731 1798 ais?
773 1740 897 1799 Libertus
918 1742 1111 1816 fidelissimus,
1145 1747 1193 1802 cni

266 1827 368 1886 Cicero
392 1825 525 1902 epistolas
556 1839 619 1881 snas
648 1825 840 1896 commiserat,
873 1826 920 1898 qui
949 1827 1060 1899 patroni
1090 1829 1192 1885 mortui

265 1912 350 1970 uitam
383 1925 444 1968 curn
487 1906 633 1980 diligentia
667 1912 695 1963 et
725 1906 831 1980 pietate
865 1909 1004 1981 narravit,
1050 1909 1078 1966 in
1111 1928 1194 1984 quern

265 1995 339 2053 nulla
363 1983 480 2066 unquam
503 1989 590 2063 tarrpis
614 1989 738 2063 suspicio
759 1990 833 2047 iacta
863 1998 923 2064 est,
955 1993 1095 2066 falsarius¹
1115 1994 1193 2052 lnit‘l

266 2079 324 2136 luto
345 2091 425 2147 vero,
447 2073 546 2146 inquit,
569 2072 645 2131 hono
668 2073 758 2131 animo
781 2073 856 2131 lecit.
899 2068 1099 2150 ''summopere
1121 2094 1137 2132 a
1158 2095 1191 2134 se

209 2221 211 2230 ἱ
265 2161 432 2236 honoratura¹
450 2156 487 2213 iri
516 2155 646 2230 optimum
668 2161 813 2230 patronum
834 2156 961 2234 opinatus
987 2165 1049 2231 est,
1083 2161 1107 2217 si
1131 2161 1219 2217 eius.

266 2258 312 2318 rep
334 2245 489 2314 gestatam
510 2239 624 2296 illustris
646 2255 700 2298 non
723 2257 777 2296 una
798 2239 966 2323 duntaxat,5
981 2241 1032 2300 sed
1061 2249 1194 2315 quattuor

267 2323 438 2384 cretionibus
467 2321 655 2380 celebraretur
686 2322 729 2397 (p.
754 2316 857 2396 179).''
903 2323 926 2382 0
952 2326 1047 2383 miratu
1069 2327 1194 2398 fingendi

268 2531 426 2579 ‘discrucias
445 2534 522 2578 toturn¹
539 2530 600 2577 hace
617 2531 795 2590 difficultatem,
816 2534 843 2576 nt
862 2531 951 2578 orellio
965 2535 997 2593 (p.
1016 2535 1067 2589 lli)
1085 2533 1192 2590 videtur,

292 2589 440 2633 '’accuratins
453 2591 600 2642 pertractare
614 2587 712 2632 noluit.”
745 2589 827 2644 ltaqrm
850 2588 875 2631 in
896 2589 966 2644 longa
984 2589 1140 2644 disputatione
1161 2591 1192 2635 de

290 2641 431 2688 testimoniis
444 2639 564 2686 historicis
579 2640 638 2685 hanc
652 2641 772 2698 epistolam
786 2641 877 2686 omnino
891 2653 936 2686 non
957 2644 1036 2698 attigit
1056 2643 1111 2696 (nisi
1125 2654 1148 2710 p.
1164 2645 1192 2687 tc

291 2695 317 2739 in
331 2695 380 2740 alia
393 2709 429 2746 re.
443 2699 470 2738 nt
484 2699 605 2751 appareat,
619 2706 673 2738 eura
687 2695 753 2739 illum
766 2694 841 2738 locum
855 2709 900 2738 non
914 2697 1044 2754 ignorasse,
1059 2709 1110 2754 qua
1123 2711 1192 2754 agno-

291 2748 351 2792 ratlc
366 2748 498 2792 excusatior
512 2752 576 2791 esset
590 2760 659 2804 qnam
674 2747 722 2792 hanc
736 2749 918 2805 pretermissis).

264 2800 278 2828 ⁸
292 2802 348 2856 Quae
362 2801 465 2846 Ouellica
484 2799 530 2844 sibi
549 2801 644 2846 videtur
662 2802 686 2845 in
701 2801 744 2846 lrcc
758 2803 806 2846 loco
820 2802 1003 2860 deprehendisse
1018 2802 1104 2848 iudicia
1117 2806 1191 2850 crati·

291 2854 344 2900 cala
358 2867 405 2899 nou
415 2853 584 2905 Ciceroniana.
598 2854 712 2899 eiusmodi
720 2860 784 2910 sunt,
797 2861 822 2899 nt
837 2855 937 2900 refutari
951 2859 989 2901 vin
1003 2858 1110 2914 debeant,
1124 2860 1193 2904 velut

290 2908 352 2966 quod
371 2909 396 2954 la
415 2908 561 2954 dernlnntiva
579 2909 655 2953 forma
674 2910 868 2964 refractariolaca
889 2912 962 2954 semel
981 2910 1018 2955 laic
1033 2911 1058 2954 in
1076 2913 1192 2958 familiari

291 2975 399 3008 sermone
415 2963 490 3018 posita
504 2959 585 3012 haeret.
601 2963 669 3018 qnasi
683 2977 728 3006 non
760 2967 828 3007 carta
841 2965 922 3008 saltem
938 2978 993 3022 pars
1007 2963 1106 3008 omnium
1117 2967 1192 3011 denni-

289 3015 425 3060 activorum
439 3016 574 3059 Latinorum
589 3028 635 3060 nnc
649 2976 803 3060 tantumioec
817 3017 922 3074 legatur,
943 3019 1000 3074 quia
1020 3019 1046 3062 iu
1067 3019 1192 3066 scribendo

290 3075 360 3115 extre
378 3069 488 3124 epistolas
509 3069 640 3114 familiares
658 3081 715 3114 rora
735 3083 815 3115 cornus
844 3072 1001 3128 ponendorum
1020 3073 1110 3117 occasio
1128 3081 1192 3130 erat,

291 3125 407 3181 estquod
421 3122 480 3166 hanc
492 3122 643 3168 locutionem:
659 3126 689 3168 ed
704 3125 823 3168 iudiciali
836 3128 939 3170 dicendi
953 3137 1046 3183 gessere
1059 3139 1086 3168 se
1101 3124 1192 3172 adiun-

290 3190 353 3277 dm
367 3177 467 3221 miratur
481 3189 526 3222 nec
540 3177 652 3231 meminit,
665 3178 695 3221 ad
708 3178 776 3222 Fam.
792 3182 812 3230 l,
826 3179 840 3224 a
853 3183 864 3232 §
875 3181 902 3222 23
911 3191 1012 3236 prorsus
1027 3179 1108 3224 ecdem
1122 3183 1191 3227 modu

307 3231 350 3278 leia
380 3231 411 3274 cd
426 3231 579 3276 accusatius
594 3233 696 3288 diiungo
711 3244 751 3274 ase
760 3236 827 3288 sere,
841 3238 881 3276 aut
896 3233 956 3288 quod
966 3235 1049 3276 Graeca
1062 3234 1138 3278 verba
1152 3243 1192 3281 ter

291 3284 317 3329 ³¹¹
332 3283 374 3328 ¹¹⁰⁶
388 3285 440 3328 ¹⁰⁰⁰
456 3284 950 3393 ltlteltlaltallallldi'till
961 3287 1193 3398 tisicratis

1130 3356 1182 3388 cuns

292 3405 339 3438 non
354 3391 462 3448 miratur,
481 3397 522 3436 aut
535 3393 595 3448 qnod
609 3391 720 3436 Ciceroni
733 3393 759 3436 in
772 3353 884 3438 familiaii
897 3395 996 3450 epistole
1010 3395 1141 3451 prescribit
1156 3399 1193 3444 di.

292 3445 454 3546 {tillitus
467 3446 1000 3558 ll„:llltllilllt‘titlllplalltlla
1013 3449 1193 3549 “lllltlllt

292 3554 367 3598 minor
379 3551 411 3598 'iu
430 3557 532 3598 mentem
550 3565 596 3596 non
617 3554 712 3598 venisse
751 3554 879 3609 Tironem,
901 3556 1027 3600 Gicercnie
1044 3569 1087 3614 per
1106 3559 1192 3604 multos

293 3606 406 3704 salsi
419 3585 1142 3707 ‘cll‘'tiballi“lllstlilll'sla“llilslslsll'l·
1156 3613 1193 3657 ⁸³⁰

292 3673 447 3758 henderetir.
475 3715 528 3759 Non
542 3717 649 3770 putaram
663 3715 776 3760 oralllum
790 3712 819 3761 de
840 3692 881 3759 sio
900 3717 1055 3761 adorationis
1069 3678 1193 3764 Gicaiiisrnei·

292 3779 345 3817 aaa
358 3766 525 3822 proprietatem
539 3767 769 3816 animadvertendam
782 3781 854 3814 sensu
862 3774 910 3816 tarn
923 3771 984 3816 bene
992 3770 1135 3818 existimare.
