2468 4318
203 229 753 336 unonnnnrorsrnonn
888 239 941 294 ms
1063 226 1127 312 j

39 410 115 472 eben
132 404 223 488 lpsom
239 409 381 481 montem,
410 423 471 490 qua
490 406 635 492 sapimus,
659 425 718 490 qua
736 407 941 492 providemus,

40 509 88 572 quo
105 490 165 553 boo
184 491 249 571 ipsa
272 491 390 572 agimus
412 508 448 553 ac
470 491 607 570 dicimus,
639 492 745 556 videre
768 498 819 556 aut
838 492 941 575 plane,

39 573 120 654 qualis
137 579 185 636 aut
204 573 256 636 ubi
277 573 326 650 sit,
349 574 463 637 sentire
484 577 646 657 possimus.
692 575 737 638 Ea
757 577 804 640 vis
825 577 936 659 igitur²

38 656 102 737 ipsc,
128 674 189 738 qum
209 673 291 736 sepe
313 656 508 722 incredibiles
529 658 599 723 huic
622 659 691 723 urbi
713 657 872 724 felicitates
891 664 941 722 at-

11 741 13 744 ’
38 757 87 819 quc
105 756 174 822 opes
198 740 305 817 attulit,
328 739 410 803 illam
431 741 597 822 perniciem
619 743 761 806 exstinxit
782 761 819 806 ec
836 748 940 807 sustu-

39 822 75 899 lit,
92 824 136 885 cui
154 823 281 904 primurn
302 828 432 886 mentem
454 825 568 903 iniecit,
590 832 623 888 ut
642 826 674 888 vi
695 826 815 890 irritare
837 825 941 890 ferro·
997 828 1002 846 ‘
1075 881 1082 889 .

38 923 86 987 que
105 907 252 968 lacessere
273 903 470 971 fortissimum
490 909 587 972 virum
610 909 734 972 auderet
750 911 942 974 uinceretur-

39 1007 87 1068 quc
104 990 137 1052 ab
157 1006 205 1068 eo,
234 1007 324 1072 quem
348 989 374 1052 si
396 991 530 1068 vicisset,
558 992 713 1059 babituros
735 1000 816 1057 esset
838 995 962 1076 impu-'

38 1073 139 1134 nibem
160 1080 190 1135 et
212 1073 363 1136 licentiam
384 1076 605 1157 sempiternam.
651 1075 719 1139 Non
741 1083 787 1140 est
810 1077 988 1159 humanati

39 1155 166 1234 consilio,
186 1174 225 1219 ne
248 1155 396 1219 mediocri
417 1157 555 1240 quidem,
577 1159 712 1237 iudices,
734 1159 860 1223 deorum
879 1161 943 1224 im-

38 1238 187 1304 mortalium
209 1257 283 1302 cura
310 1257 361 1304 res
386 1239 439 1303 illa
469 1241 615 1324 perlecta.
664 1242 841 1326 Religioner
872 1261 942 1308 me-

37 1318 142 1384 hercule
170 1324 263 1406 ipsa,
299 1339 366 1404 que
392 1323 473 1387 illam
500 1325 620 1388 belnam
652 1327 762 1390 cadere
791 1326 942 1407 viderunt,

39 1407 274 1470 commovissem
301 1406 440 1470 videntur
461 1413 491 1470 et
514 1409 560 1472 ius
581 1411 613 1472 in
637 1410 690 1472 illo
712 1427 799 1474 suum
821 1412 942 1474 retinu-

37 1485 96 1550 isse.
136 1489 196 1552 Vos
215 1490 297 1553 enim
319 1489 389 1568 iam,
411 1491 521 1554 Albani
542 1493 648 1555 bimuli
670 1499 759 1572 atque
782 1493 854 1572 luci,
875 1509 942 1571 vos,

38 1568 158 1652 inquom,
192 1574 324 1655 imploro
343 1577 443 1655 ⁴atque
470 1579 584 1652 testor,
614 1592 732 1656 sosque
755 1574 959 1646 Albanorum
1047 1613 1051 1631 ·

38 1653 134 1718 ohmtae
153 1675 221 1727 arm,
245 1673 401 1720 sacromm
418 1657 523 1740 populi
540 1655 667 1721 Romani
682 1659 775 1721 socie
792 1664 822 1721 et
837 1675 944 1740 aqua·
1038 1689 1040 1692 ·

38 1732 83 1815 les,
106 1758 175 1820 quas
195 1740 260 1818 ille,
288 1756 424 1822 preceps
446 1741 585 1818 amentia,
617 1743 704 1804 coesis
726 1743 944 1824 prostratisque

38 1821 215 1886 sanctissimis
248 1823 345 1901 lucis,
387 1823 641 1889 substructionum
670 1825 787 1888 insanis
815 1825 945 1890 molibus

22 1913 229 1988 *oppressorem
262 1912 465 1985 vestratum,
490 1911 617 1987 [are,]²
647 1914 756 1975 vestrm
777 1909 945 1992 religiones

38 1985 190 2070 riguemnt,
218 1991 384 2054 castronis
405 1991 508 2070 valuit,
539 2011 628 2073 quam
650 1993 701 2056 ille
724 1993 805 2054 omni
826 1992 946 2064 scelere
1009 2062 1015 2074 „

37 2070 179 2210 polluerat,
202 2080 296 2155 tuque
321 2092 361 2137 ex
381 2079 434 2138 tuo
454 2075 535 2139 edito
557 2083 670 2155 monte,
693 2075 820 2140 Latiaris
841 2081 947 2144 sancte

49 2156 171 2234 uppiter,
208 2159 296 2221 cuius
326 2157 378 2220 ille
410 2157 514 2236 lacus,
544 2177 668 2222 nemora
695 2158 832 2241 finesque
864 2175 948 2242 sepo
995 2191 998 2224 ι

39 2238 106 2300 omni
124 2239 240 2304 nefario
262 2248 369 2323 stupro
388 2247 420 2304 et
442 2241 560 2306 scelere
580 2243 754 2323 macularat,
784 2242 945 2326 aliquando

39 2317 154 2385 adeum
177 2325 381 2406 poeniendum
413 2325 520 2388 oculos
552 2327 711 2408 operuistm
755 2327 844 2392 vobis
876 2325 947 2404 illae,
1042 2385 1048 2394 .

38 2403 111 2467 vobis
132 2414 233 2472 vestro
257 2408 287 2470 in
310 2414 475 2489 conspectu
505 2425 599 2487 sero,
644 2409 700 2472 sed
729 2409 815 2472 iustae
846 2417 967 2474 tomen

39 2489 64 2545 et
83 2487 183 2556 debite
202 2508 311 2574 poenae
333 2491 440 2554 solute
460 2497 537 2556 sunt.
590 2491 656 2556 Nisi
676 2491 757 2556 forte
776 2493 836 2556 hoc
856 2492 992 2556 etiamne

39 2583 99 2634 casu
119 2572 229 2638 sactum
253 2592 323 2638 osse
344 2573 489 2654 dicemus,
511 2581 545 2640 ut
569 2583 639 2640 onte
661 2578 760 2658 ipsum
780 2575 947 2639 sacrarium

38 2647 115 2718 bone
134 2657 225 2738 Deae,
256 2657 339 2740 quod
361 2663 408 2720 est
428 2660 459 2722 in
481 2657 576 2724 fundo
598 2659 631 2726 T.
654 2660 772 2726 Sestii³
797 2659 892 2738 Galli,
915 2657 953 2738 in

38 2736 129 2828 punis
158 2742 279 2804 honesti
310 2747 340 2802 et
365 2743 462 2806 ornati
491 2743 709 2822 adolescentis,
741 2749 811 2807 ante
841 2742 949 2824 ipsam,

39 2833 163 2902 inquam,
186 2825 301 2888 Bonam
322 2825 436 2903 Deam,
458 2845 549 2908 quum
567 2827 717 2909 proelium
737 2827 950 2905 commisisset,
1073 2863 1075 2872 ,

39 2903 152 2980 primum
172 2908 246 2972 illud
268 2909 377 2972 vulnus
400 2910 561 2992 acciperet,
582 2929 642 2992 quo
658 2911 839 2974 teterrimam
862 2926 950 2972 mor-

40 2987 90 3048 ien
113 2992 226 3070 obiret,
268 2999 302 3055 ut
332 3009 394 3056 non
428 2993 583 3057 absolutus
613 2993 726 3064 iudicio
755 2993 810 3057 illo
830 2991 950 3056 nelario

40 3067 187 3152 videretur,
212 3075 268 3139 sed
289 3075 326 3138 ad
348 3075 428 3140 banc
448 3078 598 3158 insignem
620 3094 748 3158 poenam
767 3083 949 3142 reservatus.

40 3145 94 3215 Noc
112 3176 184 3222 uero
209 3176 270 3221 non
291 3157 395 3223 eadem
419 3161 464 3224 ira
487 3160 611 3225 deorum
640 3159 717 3224 benc
741 3162 806 3225 eius
829 3161 948 3226 satelli·
1009 3155 1061 3230 32

41 3233 109 3301 tibus
125 3241 228 3305 iniecit
243 3245 411 3322 amentiam,
433 3251 465 3308 ut
480 3244 547 3308 sine
563 3244 755 3328 imaginibus,
776 3246 843 3310 sine
859 3249 951 3307 cantu
967 3303 969 3311 .

41 3323 119 3400 atque
139 3326 227 3403 ludis,
256 3328 323 3390 sine
344 3328 508 3411 exsequiis,
526 3328 598 3410 sine
618 3329 766 3405 lamentis,
789 3329 857 3391 sine
877 3327 949 3390 lau-

42 3399 209 3496 dationibus,
230 3410 297 3474 sine
318 3409 436 3489 funere,
460 3411 571 3476 oblitus
598 3429 709 3475 cruore
731 3418 762 3475 et
776 3412 849 3489 luto,
871 3425 949 3493 spo-

41 3481 119 3552 iratus
144 3493 225 3556 illius
254 3496 387 3575 supremi
418 3494 479 3563 diei
507 3496 694 3574 celebritate,
732 3495 781 3558 cui
808 3492 946 3558 oedere⁴

41 3571 120 3634 etiam
141 3576 255 3640 inimici
284 3577 402 3660 solent,
439 3579 648 3646 ambureretur
679 3578 823 3644 abiectus.
879 3576 948 3640 Non

45 3697 254 3723 ’Ἧι-

74 3767 83 3800 ¹
103 3772 133 3824 lt.
152 3775 181 3831 B.
195 3802 232 3816 ·-
250 3776 289 3830 Ea
309 3777 357 3842 vis,
377 3789 409 3836 ea
429 3779 524 3850 igitur..
552 3779 566 3812 ²
589 3780 646 3835 ntea
665 3780 750 3840 meti.
786 3776 890 3834 ’codd
912 3805 947 3816 -··

69 3837 150 3899 Sentii.
185 3847 374 3902 ‘concedere
862 3871 867 3882 ’
