2468 4318
253 255 293 306 ro
602 240 838 299 onorio

254 395 395 502 abesse't,
430 417 590 503 imperium
615 421 706 499 etque
736 416 901 480 exereitum
927 413 1014 494 dari,
1052 415 1187 481 Siciliam

255 509 386 594 permitti
407 513 498 587 etque
519 499 655 564 Africam
674 500 848 582 bellumque
863 501 895 564 in
912 518 949 563 ee
968 499 1189 564 administren-

257 592 354 656 dum?
397 589 463 653 Fuit
491 587 524 648 iu
553 585 601 648 his
634 585 800 667 provinoiis
823 583 972 667 singulari
1000 585 1189 663 innocentie,

296 676 415 748 enum,
436 671 567 744 virtute3
605 666 719 732 bertum
741 669 773 731 in
795 667 899 732 Atrion
921 665 1088 732 maximum
1113 687 1190 730 eon-

270 760 348 834 enit,
386 755 532 818 victorem
566 752 733 817 exereitum
766 750 943 832 deportavit.
1003 751 1086 826 Quid
1117 769 1190 814 vero

257 849 316 905 tem
332 839 506 914 inauditum,
528 853 618 920 quem
636 836 770 917 equitem
790 833 955 899 Romanum
973 835 1191 917 triumphare?

180 945 183 952 ·
257 925 297 988 At
324 941 392 989 eom
422 937 544 1003 quoque
573 935 639 980 rem
672 919 805 1000 populus
833 917 986 982 Romanus
1008 933 1075 982 non
1101 919 1190 982 modo

257 1006 343 1084 vidit,
363 1004 420 1072 sed
442 1004 522 1070 omni
544 1003 635 1072 etium
656 1001 784 1068 studio¹
812 1001 967 1067 visendam
989 1005 1020 1064 et
1042 1002 1192 1066 conoelo-

212 1079 553 1170 obsurduerunt.
602 1084 682 1164 Quid
710 1091 770 1148 tem
799 1086 989 1160 inusitatum,
1032 1103 1128 1169 qinom
1153 1091 1193 1162 ut,

259 1191 351 1258 quum
380 1172 440 1237 duo
472 1169 614 1236 eonsules
646 1169 808 1236 clarissimi
831 1169 1049 1250 fortissimique
1081 1175 1193 1246 essent,

259 1273 355 1339 eques
374 1255 526 1318 Romanus
548 1252 586 1316 ed
608 1251 722 1342 bellum
742 1253 903 1320 maximum
933 1251 1193 1319 formidolosissi-

259 1355 400 1420 mumque
422 1354 480 1419 pro
501 1335 628 1406 consule
648 1336 847 1402 mitteretur?
880 1335 991 1402 Missus
1021 1343 1081 1405 est.
1130 1337 1213 1410 Quo·

261 1422 381 1506 quidem
401 1427 558 1503 tempore,
598 1437 690 1502 quum
721 1425 803 1488 esset
836 1436 988 1485 nonnemo
1019 1419 1051 1486 in
1076 1426 1193 1495 senatu,

136 1579 138 1586 y
262 1508 315 1590 qui
345 1506 479 1582 diceret,
512 1521 575 1571 ooo
606 1510 745 1583 oportere
765 1504 845 1572 mitti
863 1503 1011 1568 torninem
1037 1506 1194 1588 privatom

258 1589 492 1673 proconsule,
525 1587 559 1675 L.
580 1585 737 1668 Philippus
767 1585 882 1653 dixisse
910 1586 1038 1665 dieitur,
1070 1607 1139 1652 non
1164 1603 1194 1648 se

223 1706 226 1714 ·
261 1673 347 1740 illum
369 1689 429 1739 erro
448 1672 600 1738 reoteotin
619 1688 679 1750 pro
701 1669 834 1744 console,
860 1669 916 1732 sed
935 1687 995 1750 pro
1018 1671 1194 1736 cononem

262 1759 390 1822 mittere.
433 1754 527 1818 'lente
547 1756 580 1818 in
596 1771 634 1822 eo
652 1754 699 1821 rei
717 1754 846 1836 puhlioae
862 1754 943 1820 bone
958 1754 1106 1836 gerendae
1125 1769 1196 1838 spes

264 1837 520 1915 eonstitnebeur,
560 1839 594 1900 ut
625 1837 753 1904 duorum
782 1837 939 1904 consulum
969 1853 1079 1903 munus
1105 1840 1194 1902 unius

264 1921 467 1986 adolescentis
496 1921 599 1989 uirtuti
628 1921 872 1987 committeretur.
926 1919 1005 2000 Quid
1041 1928 1104 1986 tem
1128 1923 1195 1988 sin-

239 2006 389 2089 ¹gulare,
426 2021 514 2090 quom
544 2009 579 2069 nt
606 2021 646 2066 ex
673 2003 935 2072 senatusconsulto
959 2003 1082 2086 legibus
1108 2006 1194 2069 solu-

262 2095 313 2151 tus
334 2088 441 2151 oonsul
467 2094 535 2150 onte
556 2086 660 2166 lieret,
689 2105 778 2169 quum
799 2087 893 2154 ullum
915 2087 1006 2153 olium
1027 2090 1194 2172 magistra-

205 2223 209 2239 ,
264 2177 327 2234 tum
349 2189 406 2254 per
427 2170 513 2254 leges
536 2187 647 2252 erpere
669 2170 830 2239 licuisset?
875 2169 954 2248 Quid
975 2175 1035 2237 tum
1057 2173 1194 2238 ineredi·

264 2254 346 2332 bile,
379 2271 468 2340 quom
499 2261 532 2318 ut
561 2257 670 2323 iterum
693 2271 788 2338 eques
811 2253 962 2320 Romanus
985 2271 1025 2340 ex
1049 2263 1194 2318 senatus-

265 2337 403 2405 oonsulto
431 2337 657 2420 triumpharet?
701 2337 775 2416 Quae
799 2338 830 2400 in
852 2337 992 2400 omnihus
1019 2337 1195 2405 hominibus

265 2439 347 2490 nove
369 2429 440 2504 post
461 2422 615 2489 hominum
638 2423 813 2489 memorium
843 2421 1003 2489 constitute
1031 2429 1126 2502 sunt,
1162 2440 1195 2484 en

265 2511 326 2573 tam
349 2505 441 2573 multu
463 2523 524 2569 non
549 2511 620 2574 sunt
651 2523 740 2587 quem
771 2504 854 2583 heo,
891 2521 958 2585 que
992 2505 1024 2568 in
1049 2505 1113 2568 hoo
1136 2521 1194 2569 uno

220 2602 256 2654 oe
268 2589 389 2654 homine
409 2588 579 2657 ridemus&
621 2588 722 2670 Atque
741 2588 806 2651 lneo
825 2593 870 2650 tot
891 2589 1040 2669 exemplo·
1061 2595 1147 2652 tenta
1163 2606 1196 2651 no

81 2733 82 2741 ,
267 2678 327 2735 tem
356 2690 454 2750 nove,
488 2671 716 2754 profectusum
739 2671 771 2734 in
795 2669 1098 2736 eundemhominem
1123 2693 1141 2737 e
1163 2673 1194 2746 0.

169 2743 176 2762 ’
269 2754 367 2818 Catilli
387 2761 477 2837 etque
501 2773 518 2817 a
543 2759 713 2823 ceterorum
739 2755 875 2823 eiusdem
898 2753 1052 2840 dignitatis
1068 2759 1195 2846 emptis-

268 2839 412 2908 simorum
435 2839 588 2901 hominum
612 2840 798 2908 auctoritate.

157 2913 207 2988 22
335 2977 337 2984 Α
359 2921 461 2995 Quare
481 2921 613 3000 videant,
634 2941 673 2986 ne
698 2924 737 2986 sit
757 2923 948 3010 periniquum
965 2927 995 2988 et
1008 2939 1071 2988 non
1088 2923 1194 2989 feren-

271 3003 360 3081 dum,
383 3005 503 3072 illorum
526 3007 731 3071 auctoritatem
753 3005 792 3068 de
814 3005 868 3074 Cn·
891 3006 1027 3087 Pompeii
1049 3006 1194 3089 dignitate

270 3089 399 3152 anobis
423 3090 647 3170 oomprobatam
668 3107 789 3172 semper
811 3107 890 3167 osse,
919 3097 1053 3157 vestrum
1076 3091 1115 3153 ab
1139 3091 1194 3154 illis

109 3171 115 3186 '
176 3237 178 3242 ,
270 3172 309 3235 de
338 3171 446 3240 eodem
478 3173 601 3239 homine
631 3175 775 3242 iudicium
797 3173 965 3255 populique
987 3173 1116 3240 Romani
1143 3193 1193 3237 nu-

271 3256 439 3324 otoritntom
461 3256 636 3338 improbari,
667 3258 834 3340 presertim
856 3273 946 3344 quum
969 3257 1028 3322 iarn
1051 3273 1110 3321 suo
1133 3260 1193 3322 iure

271 3341 402 3488 populus
426 3339 577 3409 Ronanus
600 3342 632 3410 in
656 3341 716 3410 hoo
735 3341 857 3408 homine
881 3349 966 3408 suom
987 3343 1193 3404 auctoritatem

272 3441 310 3486 ve
345 3429 449 3491 eontra
477 3441 593 3502 omnes,
615 3427 667 3512 qui
690 3425 879 3501 dissentiunt,
899 3424 998 3506 possit
1021 3423 1192 3500 defendere,

160 3517 170 3528 “
271 3513 435 3590 propterea
452 3508 544 3588 quod,
566 3508 673 3573 iisdem
691 3509 756 3572 istis
770 3509 1012 3586 reclamantibus,
1033 3525 1191 3571 rosunum

246 3590 359 3668 [illum
376 3609 416 3654 ex
438 3592 576 3684 omnibus
597 3592 774 3678 delegistis,
807 3610 897 3675 quem
919 3591 1001 3656 bello
1020 3587 1191 3674 predonum

276 3717 506 3734 —d——-=

311 3793 418 3916 :notiam
437 3797 524 3853 studio
543 3799 623 3852 omni.
676 3797 779 3852 'codd
798 3815 889 3862 onnes,
917 3797 974 3852 odd
992 3805 1051 3850 ortt.
1071 3823 1107 3838 —
1127 3797 1187 3850 vidi·

338 3881 376 3917 ur.
1164 3897 1166 3907 i
