2468 4318
240 236 329 332 eno
365 241 745 330 sncnrnn'o‘sun.
903 239 964 332 ω’

45 447 280 530 celeritatemque
301 447 493 595 inqeniorum
511 445 728 532 negligemus?
754 444 954 532 Quotiesego
968 457 1000 506 rs

43 530 115 592 hunc
135 530 276 594 Archiam
298 533 328 594 vi
350 533 371 610 i,
392 532 519 608 iudices,
543 533 622 613 (utor
643 531 722 594 enim
743 536 845 595 vestra
863 531 956 594 beni..

42 615 163 696 gnitate,
197 615 339 696 quoniam
367 634 417 677 me
445 614 478 677 in
506 615 566 678 hoc
593 631 674 678 novo
697 631 812 697 genere
834 613 955 679 dicendi

43 703 94 759 tem
122 697 284 780 diligenter
314 697 494 778 attenditisql
535 697 653 780 quoties
685 715 744 782 ego
775 697 855 760 hunc
881 697 955 778 vidi,

43 800 124 862 quum
145 780 274 844 litteram
296 782 469 863 scripsisset
491 781 612 858 nullam,
636 799 776 864 magnum
797 800 955 847 numerum
995 841 999 850 .

43 865 212 944 optimorum
241 883 385 928 versuum
417 865 455 928 dc
483 865 521 928 iis
553 865 629 946 ipsis
648 863 769 943 rebus,
805 883 872 947 qum
892 870 954 928 tum

43 953 212 1029 agerentur,
245 948 349 1012 dicere
373 966 413 1010 ex
433 949 594 1031 tempore?
638 949 757 1029 quoties
780 955 954 1012 revocatum

43 1030 246 1094 condemnem
279 1033 382 1095 dicere
414 1032 600 1095 commutatis
631 1031 732 1095 verbis
762 1038 851 1115 atque
879 1050 955 1095 seu·

43 1114 157 1177 tentiis?
199 1116 274 1190 Qum
299 1131 375 1178 vero
400 1121 543 1186 comeare,
560 1115 752 1199 cogitateque
772 1115 954 1196 scripsisset,

44 1215 74 1258 ea
95 1199 137 1260 sic
157 1199 218 1262 vidi
239 1199 381 1280 probari,
410 1204 442 1260 ut
464 1199 500 1262 ad
521 1204 657 1262 veterum
681 1199 862 1281 scriptorum
884 1198 954 1262 lau·-

43 1280 102 1342 dem
122 1283 325 1363 pervenirent.
372 1281 458 1344 Hunc
482 1300 541 1366 ego
565 1299 627 1344 non
648 1281 796 1366 diligam?
819 1297 880 1344 non
897 1281 954 1345 ad-

44 1364 149 1426 mirer?
175 1383 237 1428 non
263 1365 344 1428 omni
365 1366 484 1427 ratione
509 1363 730 1428 defendendrun
745 1365 872 1447 putem?
895 1365 955 1428 At-

44 1448 116 1526 que¹
138 1449 184 1510 sic
207 1467 224 1511 a
245 1449 371 1512 summis
388 1447 558 1511 hominibus
575 1448 847 1530 eruditissimisque
862 1467 955 1512 acee-
1005 1520 1012 1526 .

43 1531 150 1610 pimus,
174 1538 345 1594 ceterarum
366 1548 468 1594 rerum
489 1531 587 1594 studia
611 1537 640 1593 et
662 1531 798 1594 doctrina
821 1536 851 1594 et
873 1549 956 1613 prae-
997 1583 1001 1588 .

45 1615 128 1695 ceptis
150 1621 179 1677 et
200 1621 268 1677 arlo
290 1620 449 1694 constare,
487 1621 608 1696 poetam
636 1619 741 1676 natura
762 1615 829 1696 ipsa
852 1615 956 1676 valore

45 1701 70 1756 et
91 1699 195 1760 mentis
217 1697 335 1761 viribus
360 1697 484 1760 excitari
512 1703 542 1758 et
574 1697 661 1778 quasi
691 1696 792 1759 divino
826 1696 957 1778 quodam

46 1780 140 1860 spiritu
168 1781 277 1844 inllnri.
326 1780 427 1855 Quare
452 1797 508 1843 suo
538 1780 606 1843 iure
635 1785 741 1842 noster
768 1778 821 1842 illc
841 1779 956 1844 Ennius

46 1869 155 1926 sanctos
178 1864 313 1947 appellat
333 1869 460 1946 poetas,
493 1863 573 1944 quod
598 1864 684 1946 quasi
705 1863 830 1927 deorum
855 1863 956 1944 aliquo

47 1944 116 2008 dono
135 1954 222 2029 atque
239 1966 366 2010 munere
385 1946 583 2010 commendati
600 1947 689 2010 nobis
705 1965 774 2010 esse
790 1947 956 2010 uideantur.

47 2026 204 2112 sicigitur,
226 2031 354 2108 iudices,
376 2038 510 2095 sanctum
532 2031 612 2114 apud
634 2047 701 2109 vos,
724 2030 955 2094 humanissimos
967 2035 1001 2085 ¹⁹

47 2109 187 2192 honines,
222 2115 284 2177 hoc
314 2119 412 2196 poete
439 2131 568 2192 nomen,
602 2114 682 2196 quod
713 2115 795 2177 nulla
815 2131 956 2195 umquam

46 2192 171 2260 barbaria
192 2198 327 2260 violavit.
377 2195 456 2261 Saxa
479 2205 510 2260 et
531 2197 710 2260 solitudines
731 2198 800 2260 voci
821 2213 956 2279 respon·
1017 2235 1021 2242 ·

48 2275 125 2356 dent,
154 2281 260 2344 lrestiae
288 2297 369 2362 sepe
397 2281 542 2343 immanes
569 2287 658 2343 cantu
686 2280 844 2344 llccuudur
866 2286 957 2362 atque
997 2333 1000 2338 .

48 2364 217 2426 consistunt:
241 2381 300 2426 nos
324 2364 451 2426 instituti
472 2364 564 2425 rebus
584 2364 702 2445 optimis
720 2381 781 2426 non
799 2369 956 2445 poetarum

48 2460 113 2506 voce
132 2446 333 2511 moveamur?
377 2446 538 2508 Homerum
561 2444 744 2528 Colophonii
766 2447 863 2509 civem
886 2464 956 2510 esse

49 2523 137 2590 dicunt
157 2549 261 2610 suum,
281 2528 359 2592 *Chii
380 2548 466 2592 sumn
488 2529 656 2607 vindicant,
687 2528 840 2594 Salaminii
861 2544 955 2611 repe-

49 2612 119 2688 tunt,
152 2612 297 2695 Smyrnaei
320 2629 395 2676 vero
424 2631 510 2676 suum
532 2631 601 2676 esse
625 2612 815 2687 confirmant3
855 2613 956 2694 itoque

50 2691 126 2754 etiam
148 2696 303 2764 delubrum
328 2697 393 2759 eius
412 2697 443 2758 in
469 2697 582 2778 oppido
607 2695 838 2772 dedicaverunt3
880 2713 955 2778 per..

50 2775 121 2838 multi
144 2780 193 2841 alii
226 2785 374 2864 praeterea
395 2788 530 2862 pugnant
552 2781 630 2842 inter
652 2796 686 2842 se
711 2785 800 2861 atque
824 2786 955 2842 conten-

50 2854 119 2920 dunt
158 2861 240 2947 Ergo
263 2863 307 2926 illi
331 2862 470 2939 alienum,
492 2863 562 2944 quia
583 2870 674 2945 poeta
691 2861 758 2938 luit,
782 2868 852 2944 post
869 2879 967 2925 mor-n·
1017 2857 1041 2927 9

51 2943 100 3002 lem
121 2945 207 3007 etiam
230 2950 392 3027 expetunt:
417 2963 474 3008 nos
495 2946 575 3009 huno
598 2947 707 3023 vivum,
729 2944 780 3026 qui
799 2950 829 3006 et
842 2943 956 3009 volun·
1022 2979 1025 2990 ·
1114 2941 1117 2951 ’

51 3027 101 3084 lale
125 3033 161 3088 et.
174 3028 294 3112 legibus
315 3034 419 3092 noster
443 3036 506 3107 est,
535 3028 755 3110 repudiemus?
790 3030 957 3110 presertim

52 3121 129 3184 quum
152 3128 239 3174 omne
261 3113 482 3176 olimsludium
498 3119 586 3194 atque
602 3128 692 3174 omne
710 3111 863 3194 ingenium
878 3129 956 3176 con-

52 3187 139 3254 tulerit
159 3195 285 3259 Archias
309 3196 347 3258 ad
367 3196 472 3277 populi
493 3195 620 3258 Romam
633 3195 761 3278 gloriam
777 3194 957 3274 laudemque

54 3270 255 3341 celebrandam.
295 3279 368 3341 Nam
393 3285 421 3340 et
443 3277 608 3342 Cimbricas
622 3296 673 3340 res
689 3278 867 3342 adolescens
884 3277 956 3340 atti-

54 3352 153 3430 sito
174 3362 231 3442 ipsi
256 3361 301 3425 illi
326 3360 359 3424 C.
380 3361 487 3441 llario,
521 3363 573 3443 qui
590 3361 693 3426 durior
714 3360 751 3423 ad
773 3362 837 3424 hoec
857 3359 956 3422 studia

54 3434 204 3520 uidebatur,
227 3445 376 3509 iucundus
396 3443 460 3508 luit.
501 3445 607 3534 Neque
631 3445 716 3507 enirn¹
735 3445 892 3526 quisquam
909 3447 1002 3510 esino

55 3520 105 3580 iun
120 3541 239 3590 auersus
258 3548 275 3592 a
291 3527 395 3605 Musis,
418 3529 469 3610 qui
486 3547 548 3592 non
561 3528 695 3592 mandari
711 3527 849 3590 versibus
864 3532 956 3588 eter-

56 3613 114 3663 ssum
142 3626 262 3675 suorum
295 3612 431 3676 ranorum
463 3613 648 3693 praeeonium
676 3609 791 3673 fucilc²
820 3608 958 3693 patiatur.

57 3677 268 3760 Themistoclem
288 3695 384 3776 illum,
409 3713 555 3760 summum
575 3693 701 3762 Athenis
715 3694 822 3774 vinum,
843 3691 958 3758 dixisse

59 3797 266 3828 xz...-

89 3857 95 3886 ¹
118 3861 196 3931 Atqui.
253 3870 364 3926 'facile
384 3873 553 3941 praeconium.

704 4005 762 4061 .9,
