2490 4316
283 195 352 254 uec
641 197 881 278 enarro

295 391 397 458 nequa
422 377 455 438 te
474 373 531 440 ilie
554 373 604 446 die
624 393 725 458 neque
743 377 869 460 postero
888 371 969 454 vidi,
1003 393 1098 462 neque
1117 379 1188 450 nllm

295 461 470 524 societatem
491 460 611 543 optimis
633 461 749 524 ciuibus
772 475 840 520 oum
855 457 1103 540 importunissimo
1120 464 1188 528 basto
1223 475 1224 534 g

293 542 421 607 foedere
446 543 509 608 ullo
540 543 711 610 confirmari
745 559 838 626 posse
867 541 991 607 credidi.
1037 545 1103 611 Post
1129 549 1187 610 diem
1223 569 1224 612 t

294 627 414 692 tertium
437 629 507 692 ueni
530 628 687 725 iutaedem
713 626 861 724 Telluris,
892 632 923 690 et
949 629 1067 708 uiridem
1092 631 1187 708 inuitus

140 728 188 756 ⁶
247 708 1224 874 ⁹⁰diffiniitibttttttititt,dubitt

291 878 440 955 exstitisti,
466 885 566 942 tamen
586 897 634 942 mo
655 879 698 942 tui
720 878 853 951 miseret,
884 877 965 957 quod
986 879 1040 944 tibi
1061 881 1187 944 invideris

177 966 228 1040 3ss
289 961 350 1035 Qui
374 968 406 1024 tu
430 962 493 1040 uir,
522 961 564 1026 dii
584 961 787 1036 immortales,
820 964 850 1022 et
873 968 1001 1040 quantus
1024 964 1144 1041 iurissos,
1168 963 1188 1028 si

288 1045 370 1110 iilius
393 1045 455 1108 diei
479 1053 609 1112 mentem
630 1063 754 1115 servare
774 1043 943 1126 potuisses!
986 1045 1094 1113 Pacem
1113 1047 1187 1110 babe-

250 1133 253 1140 “
287 1147 406 1206 murus,
436 1147 503 1212 quae
523 1137 587 1194 erat
607 1129 685 1194 iactu
708 1137 764 1210 per
785 1125 940 1202 obsidem,
971 1147 1097 1211 puerum
1116 1131 1187 1193 nobi-

287 1213 365 1288 lem,
399 1212 438 1275 bi.
464 1212 666 1278 Bambalionis
693 1217 843 1294 nepotem.
887 1210 1071 1294 Quamquam
1098 1215 1187 1277 bonum

286 1301 317 1358 te
346 1297 437 1358 timor
465 1295 612 1374 iaciebat,
651 1313 713 1360 non
743 1296 902 1358 diuturnus
933 1298 1080 1379 magister
1105 1296 1186 1374 officii,

284 1378 455 1460 improbum
476 1378 550 1442 iecit
571 1399 619 1458 ec,
638 1397 715 1461 pum,
737 1379 807 1452 dum
829 1381 918 1442 timor
939 1378 1036 1457 abest,
1061 1386 1187 1445 abnuo

283 1461 423 1541 discedit,
450 1464 584 1528 audacia.
631 1464 694 1528 Etsi
715 1469 794 1539 tum,
816 1479 908 1544 quum
931 1463 1076 1544 optimum
1095 1471 1122 1528 te
1139 1482 1185 1546 pu-

283 1546 402 1624 tabant,
432 1549 622 1628 nequidem
644 1547 860 1622 dissentiente,
890 1544 990 1608 funeri
1013 1548 1143 1630 tyranni,
1166 1545 1186 1610 u'

236 1649 270 1698 er
283 1629 357 1693 iilud
384 1629 475 1694 tanus
497 1631 572 1708 iuit,
602 1631 837 1694 seeleratissime
867 1627 1024 1710 profuisti.
1071 1632 1128 1706 'iun
1146 1630 1186 1692 illa

181 1783 183 1798 ζ
280 1713 407 1798 puicbrn
428 1715 571 1789 laudatio,
592 1720 644 1778 tua
662 1714 829 1787 miseratio,
852 1718 903 1779 tun
926 1711 1105 1778 cohortatio.
1142 1714 1185 1792 tu,

279 1801 324 1873 tu,
345 1797 478 1878 inquam,
499 1797 567 1862 illas
576 1795 661 1864 iaces
672 1797 842 1873 incendisti,
866 1801 897 1858 et
910 1813 974 1872 ens,
996 1799 1104 1878 quibus
1118 1815 1185 1861 seu-

255 1881 417 1944 ·ustilatus
447 1881 500 1944 iile
530 1887 595 1958 est,
629 1888 661 1944 et
692 1898 764 1956 eas,
794 1881 903 1960 quibus
929 1879 1055 1944 incensa
1078 1881 1110 1944 L.
1127 1879 1184 1942 Bei-

217 2043 219 2053 ,
261 1963 353 2027 diensi
374 1965 481 2028 domus
498 1964 685 2048 deflagravit.
718 1964 762 2030 Tu
778 1963 847 2028 illos
867 1964 995 2044 impetus
1016 1965 1184 2048 perditorum

277 2045 440 2134 bominum
453 2053 484 2112 et
504 2067 543 2112 ex
568 2051 697 2114 munima
717 2053 803 2130 parta
830 2063 1007 2126 servorum,
1044 2066 1120 2131 quos
1140 2062 1184 2108 nos

276 2131 308 2193 vi
329 2148 480 2212 manuque
506 2132 690 2214 repulimus,
719 2131 752 2199 in
772 2137 893 2200 nostros
914 2129 1023 2196 domos
1044 2128 1184 2196 immisisti.

275 2212 358 2278 ldem
378 2220 490 2292 tamem
510 2216 597 2297 paud
618 2215 747 2298 iuligine
768 2214 917 2292 abstersa,
945 2214 1074 2298 reliquis
1095 2215 1183 2280 diebus

227 2319 232 2325 ·
275 2295 308 2360 in
330 2295 480 2377 Capitolio
501 2300 646 2382 preclara
667 2297 928 2364 senatusconsulta
945 2296 1064 2364 iecisti:
1085 2318 1122 2362 ne
1137 2313 1182 2379 pua

274 2381 432 2526 pogtjdus
456 2383 578 2530 bignins
594 2381 791 2530 ffmunitzutis
813 2381 914 2528 tabugn
933 2383 1119 2528 nevelffiuius
1136 2381 1182 2476 be-

183 2491 187 2506 =
539 2511 548 2530 .
1153 2483 1160 2524 ι

273 2482 314 2610 gg
335 2464 760 2631 :jrlrlrmfitfrffiatlewquidedlrlrlrffi
774 2479 1182 2630 mffptimzugxseerouf’gucosd

271 2629 425 2694 dictatore
446 2651 557 2698 nomen
578 2636 610 2698 in
633 2637 810 2714 perpetuum
834 2632 873 2696 de
893 2631 1070 2713 republica
1093 2638 1181 2696 sustu-

271 2711 350 2792 listi3
395 2733 457 2796 quo
485 2715 606 2798 quidem
635 2709 856 2782 iaoto'tantum
883 2721 913 2778 te
944 2716 1066 2798 cepisse
1096 2715 1181 2780 odium

269 2799 357 2880 regni
381 2799 557 2876 videbatur,
589 2807 624 2863 ut
644 2800 710 2862 eius
733 2811 851 2862 omnem
878 2805 1003 2880 propter
1026 2801 1180 2884 proninum

222 2879 445 2952 „dictatorcm
466 2890 578 2948 metum
601 2883 725 2946 totieres
738 2884 762 2946 ¹.
811 2881 977 2946 Constituto
997 2899 1049 2946 res
1075 2881 1179 2966 publicu

180 3024 185 3038 ,
268 2965 426 3030 uidebatur
447 2968 535 3046 aliis,
566 2967 638 3030 mibi
661 2985 735 3030 vero
755 2966 843 3031 nullo
864 2966 974 3042 modo,
1005 2967 1058 3049 qui
1082 2964 1178 3040 onnia,

266 3053 298 3110 te
319 3049 527 3130 gubernante,
556 3050 714 3134 naufragia
735 3051 911 3114 metuebam.
958 3049 1036 3114 Num
1060 3067 1106 3116 me
1125 3046 1177 3130 igi·

266 3135 314 3194 tur
335 3130 470 3196 fefellit?
514 3141 564 3198 aut
588 3153 659 3198 num
680 3133 791 3198 diutius
812 3136 861 3198 sui
884 3135 982 3215 potuit
1002 3141 1073 3198 esse
1095 3130 1177 3196 dissi-

264 3215 369 3278 milis?
413 3215 651 3301 inspectantibus
675 3219 782 3295 vobis,
796 3211 799 3218 “
814 3223 877 3283 toto
903 3217 1053 3299 Capitolio
1081 3215 1176 3280 tubulo

205 3345 206 3352 ,
263 3295 432 3384 figebantur
439 3321 448 3378 3
480 3319 579 3385 neque
600 3302 699 3378 solum
718 3302 847 3386 singulis
865 3301 1053 3364 veniebant
1075 3302 1175 3389 immu-

262 3381 381 3458 nitates,
403 3386 458 3449 sed
480 3389 569 3450 etium
590 3386 712 3467 populis
733 3386 900 3460 universis3
923 3386 1027 3466 civitas
1045 3402 1106 3446 non
1125 3398 1175 3444 ram

260 3465 469 3627 ttttitttr,
487 3470 556 3634 {tt
571 3469 737 3616 ἓῖἓέἔῖἑῗ
751 3469 1011 3636 ttttttttt,
1029 3462 1174 3631 itti}

259 3639 347 3708 sunt,
373 3637 545 3714 provincius
566 3637 744 3715 universas,
773 3642 874 3721 putres
897 3636 1078 3721 conscripti,
1105 3647 1169 3716 per·

295 3811 305 3844 ¹
326 3813 434 3871 tolleres
451 3787 558 3879 metum.
615 3820 780 3877 ¹'venibunt
