2546 4310
298 235 335 286 Ἃ
635 231 871 290 onorio
939 223 941 230 '

297 409 321 480 l
340 403 530 483 Mammeos¹,
549 420 626 488 quos
647 402 708 468 iam
730 411 802 470 atas
817 405 975 490 aproeliis
987 409 1153 489 avocabat,
1166 428 1215 492 po-

296 493 409 552 stremo
441 489 590 554 Priamum
630 489 729 570 ipsum
742 489 773 569 ¹,
805 491 988 571 Antistium,
1034 512 1129 576 quem
1167 511 1217 555 non

298 573 388 636 modo
420 580 509 650 ctas,
555 571 611 636 sed
643 573 732 635 etiam
771 574 859 656 leges
895 593 1038 657 pugnare
1081 576 1217 659 probibe-

187 719 192 732 ἱ
296 653 375 718 bant.
421 657 491 733 lam,
517 671 594 738 quos
615 673 704 719 nemo
729 664 854 740 propter
876 659 1105 741 ignobilitatem
1129 661 1217 724 nomi-

295 746 356 816 nat,
380 739 515 804 sexcenti
531 744 608 818 sunt,
634 741 685 822 qui
707 741 785 802 inter
807 742 937 804 sicarios
956 750 988 805 et
1008 743 1051 806 de
1076 743 1217 807 venaliciis

296 824 484 886 accusabant
528 823 586 896 Qui
608 840 715 886 omnes
733 824 826 906 (qnod
849 825 888 887 nd
909 843 957 887 me
977 828 1103 909 attinet)
1121 827 1217 890 vellen

296 906 442 971 viverent.
484 905 565 969 Nihil
585 908 663 970 enim
686 908 757 970 mali
780 915 836 986 est,
859 927 950 972 canes
974 909 1016 973 ibi
1044 931 1139 994 quam
1158 909 1217 992 plu-

293 989 387 1052 rimos
413 1009 502 1069 esse,
530 987 582 1052 nbi
604 991 743 1073 permulti
771 991 954 1054 observandi
976 995 1139 1077 multaque
1159 1009 1217 1056 scr-

248 1073 389 1136 errando
412 1082 491 1137 sunt.
532 1073 654 1152 Verum,
686 1080 718 1136 ut
734 1073 783 1152 lit,
812 1077 1017 1158 multamque,
1044 1076 1217 1162 impruden-

293 1157 371 1222 tibus
385 1158 628 1240 imperatoribus,
646 1158 692 1220 vis
713 1158 786 1222 belli
805 1177 841 1221 ac
858 1159 944 1223 turba
965 1161 1106 1224 molitur.
1151 1159 1216 1221 bun

293 1241 321 1306 is
343 1243 372 1304 in
398 1241 465 1304 aliis
485 1240 576 1306 rebus
594 1247 659 1306 erat
679 1245 855 1324 occupatus,
878 1244 929 1325 qui
949 1261 1103 1308 summam
1127 1257 1216 1306 rerum

294 1325 537 1404 administrabat,
578 1331 664 1388 crant
686 1327 820 1404 interca,
862 1326 914 1409 qui
948 1328 1012 1390 suis
1046 1325 1215 1392 vulneribus

292 1408 500 1484 moderentur3
517 1409 579 1492 qui,
595 1414 745 1490 tamquam
765 1411 792 1472 si
809 1409 907 1473 ollusa
926 1412 972 1472 rei
988 1411 1127 1494 publicae
1143 1426 1215 1473 sem-

292 1494 412 1575 piterna
433 1511 495 1556 nox
517 1500 610 1571 esset,
636 1495 677 1556 ila
697 1494 826 1555 ruebant
847 1495 878 1557 in
900 1493 1036 1558 tenebris
1061 1496 1215 1572 omniaque

292 1578 467 1640 miscebant.
525 1576 685 1659 Aquibus
709 1577 821 1655 miror,
859 1595 899 1639 ne
927 1578 1008 1662 quod
1040 1580 1214 1642 iudiciorum

292 1668 375 1724 esset
391 1662 562 1746 vestigium,
581 1679 642 1724 non
656 1660 803 1724 subsellia
822 1678 944 1744 quoque
960 1680 1031 1725 esse
1048 1663 1212 1730 combusta

291 1763 360 1808 nam
378 1752 408 1808 et
424 1752 617 1809 accusatores
636 1750 666 1806 et
685 1743 801 1807 iudices
815 1746 1010 1810 sustulerunt.
1051 1746 1211 1808 Hoccon-
1253 1811 1254 1835 χ

291 1828 454 1907 modest,
491 1825 572 1910 qnod
594 1829 633 1890 ita
654 1828 815 1906 vixerunt,
855 1835 890 1890 ut
910 1835 1004 1893 testes
1028 1847 1157 1906 omnes,
1189 1821 1211 1886 si

291 1918 448 1994 cuperent,
467 1909 637 1976 interlicere
659 1927 720 1973 noo
742 1918 887 1994 possent;
918 1931 997 1991 nam,
1019 1913 1094 1976 dnm
1119 1908 1210 1974 bomi-

290 2013 362 2058 num
386 1995 571 2078 geraseni,
603 1995 653 2076 qui
678 2001 884 2073 accusarem,
914 2014 976 2059 non
998 1997 1118 2074 deerit;
1151 1993 1210 2055 dun

292 2080 396 2142 civitas
423 2081 491 2158 erit,
521 2079 632 2142 iudicia
655 2077 734 2141 lient.
781 2077 903 2159 Verum,
935 2086 968 2144 ut
992 2083 1083 2163 coepi
1107 2079 1209 2148 dicere,

291 2167 321 2224 et
344 2162 490 2241 Erucius,
520 2162 585 2225 llaec
606 2163 633 2226 si
656 2163 783 2225 haberet
804 2162 837 2225 io
857 2180 959 2243 causa,
991 2183 1063 2246 quat
1082 2174 1208 2227 comme·

290 2245 416 2322 moravi,
447 2252 553 2330 posset
585 2265 621 2310 ea
645 2248 779 2328 quamvis
805 2246 857 2310 diu
884 2247 987 2310 dicere
1012 2255 1139 2332 elego,
1167 2244 1209 2304 iu-

291 2327 385 2407 dices,
400 2346 524 2412 possum
534 2351 543 2409 3
567 2327 669 2393 sedin
688 2331 787 2394 animo
805 2336 860 2408 est,
879 2331 1132 2412 quemadmodum
1149 2330 1206 2390 ante

291 2410 372 2490 dixi,
395 2415 520 2478 ¹leniter
548 2414 677 2478 transire
707 2432 744 2476 ac
770 2414 973 2477 tantummodo
1004 2416 1207 2498 perstringere

289 2513 529 2582 unamquamque
556 2516 637 2576 rem,
669 2504 703 2561 ut
730 2515 834 2560 omnes
857 2499 1043 2581 intelligant,
1080 2518 1132 2560 me
1153 2506 1204 2556 nor
1251 2567 1252 2576 χ

178 2566 226 2640 33
244 2591 279 2643 aa
290 2581 389 2644 studio
414 2601 575 2660 accusare,
604 2581 658 2666 sed
682 2579 788 2672 officio·
809 2581 983 2644 defendere.
1029 2581 1129 2644 Video
1151 2573 1204 2659 igi·
1251 2577 1252 2622 t

289 2671 348 2742 tur,
378 2684 486 2730 causas
508 2683 578 2730 esse
597 2665 779 2748 permultas,
809 2683 875 2747 que
898 2663 988 2728 islum
1011 2662 1204 2752 impellerent

269 2745 449 2813 'Videamus
471 2768 567 2828 nunc,
598 2768 694 2831 ecqua
718 2748 846 2812 facultas
865 2749 1052 2830 suscipiendi
1072 2743 1203 2812 malelicu

286 2830 387 2894 iuuerit.
416 2832 471 2895 Ubi
490 2837 608 2898 occisus
625 2839 672 2896 est
679 2831 748 2897 Sex.
756 2830 910 2896 Roscius?
927 2833 1039 2896 llomae.
1072 2830 1151 2906 Quid
1167 2831 1203 2896 lt,

287 2913 405 2980 Rosci?
427 2917 479 2980 ubi
500 2925 570 2982 tunc
584 2917 678 2980 eras?
704 2915 824 2994 Romae3
846 2935 952 2980 verum
974 2917 1048 2999 qnid
1069 2917 1108 2978 ad
1124 2904 1202 2976 rem?

287 3005 318 3062 et
341 3001 390 3064 alii
413 3002 506 3064 multi.
555 3002 648 3076 Quasi
669 3018 749 3065 nnuc
772 2998 803 3063 id
825 3007 950 3083 agatur,
979 3001 1048 3082 quis
1073 3019 1113 3062 ex
1131 2997 1200 3060 tanta

287 3084 477 3148 multitudine
499 3085 664 3162 occiderit,
700 3101 735 3147 ac
756 3100 818 3147 non
839 3084 899 3147 boc
924 3091 1092 3165 queratur,
1130 3093 1200 3149 euru

287 3171 339 3252 qui
360 3169 461 3233 llomae
487 3171 526 3234 sit
549 3170 679 3247 occisus,
702 3173 800 3230 utrum
824 3168 1016 3230 verisimilius
1041 3170 1088 3244 sit,
1113 3165 1147 3229 ab
1168 3173 1199 3256 02⁰

287 3271 357 3316 esse
378 3255 521 3332 occisum,
540 3255 591 3336 qui
614 3252 752 3316 assiduus
774 3269 811 3314 eo
834 3259 971 3334 tempore
988 3251 1090 3314 llomae
1109 3247 1199 3316 brerrl

286 3356 324 3400 an
347 3338 384 3400 ab
407 3355 456 3416 eo,
480 3339 533 3418 qui
553 3337 653 3398 multis
676 3336 762 3398 annis
785 3335 908 3398 llomam
925 3336 1049 3398 omniuo
1071 3352 1131 3397 non
1152 3345 1197 3392 ac-

239 3422 422 3489 aocesserit.
465 3423 635 3505 ligonum,
658 3427 774 3484 ceteras
791 3436 912 3502 quoque
928 3416 1109 3482 iacrrltates²
1130 3429 1196 3478 con·

286 3504 463 3568 siderem'us.
502 3505 581 3568 'Erat
602 3509 662 3568 tum
684 3503 838 3568 multitudo
864 3503 1053 3582 sicariorum,
1076 3501 1107 3564 id
1126 3488 1195 3580 quod
1247 3503 1250 3588 l

286 3589 531 3654 commemoravit
552 3589 698 3670 Erucius,
726 3592 757 3660 et
778 3587 917 3660 homines
939 3586 1063 3672 impune
1082 3579 1195 3648 occide·
1249 3589 1250 3594 ’

287 3717 516 3734 βων-*-

325 3785 334 3818 ¹
358 3787 428 3838 cedd.
456 3788 512 3838 edd.
537 3796 597 3840 vett·
615 3814 650 3843 -,-·
670 3779 824 3841 Mamercus·
886 3785 899 3817 ¹
924 3788 990 3839 cotti.
1018 3811 1053 3824 -·
1076 3787 1190 3838 Priamum

323 3859 410 3922 iprum
429 3871 528 3923 senem,
548 3857 608 3910 Ant·
634 3853 637 3858 ⁴
677 3854 765 3910 'edd
790 3865 849 3940 vett·
876 3881 911 3895 ·-
936 3857 1072 3911 facultates
1092 3863 1192 3924 quoquc·
