2490 4316
307 249 401 306 rao
430 249 465 318 o.
492 233 708 308 trenaro.
922 260 974 310 mr

57 426 175 488 aduentu
197 417 269 487 Veri
291 425 474 508 conquievit.
522 422 640 503 Adbuc,
665 422 699 488 0.
723 423 835 504 Cesar,
859 425 894 500 Q.
916 426 972 490 Li.
1019 409 1042 479 2

56 511 151 594 gorius
174 509 256 571 omni
281 510 369 592 culpa
398 516 495 572 vacat.
552 508 652 570 Domo
677 514 724 571 cst
745 527 889 592 egressus
909 529 971 576 non

55 593 136 654 modo
157 593 271 654 nullum
295 593 339 655 ed
361 593 493 670 bellum,
525 592 580 654 sed
603 611 644 654 ne
665 592 702 654 ad
727 594 877 657 minimam
900 596 971 676 qui-

55 677 114 737 dem
137 676 341 758 suspicionem
364 677 455 752 belli;
478 678 595 758 legatus
617 676 648 738 in
664 694 741 758 pace
759 676 915 758 proiectus
939 679 971 741 in

54 761 199 840 provincia
215 761 409 842 pacatissima
426 761 467 822 ita
490 777 525 823 sc
546 759 653 842 gisset,
675 765 709 821 ut
731 761 760 822 ai
775 779 880 842 pacem
901 779 970 825 esse
1069 785 1083 800 1¹

54 844 210 922 expediret.
257 843 411 906 Profectio
434 849 517 906 certe
540 844 669 905 animum
693 850 776 906 tuum
798 862 859 908 nou
881 846 972 908 debet

53 925 208 988 ollcndere.
271 927 348 989 Noui
385 928 477 1009 igitur
512 926 693 990 remansio?
735 927 827 990 Multo
860 931 990 992 minus.'
1050 969 1052 972 -

53 1008 116 1070 Nam
146 1009 296 1090 profectio
319 1010 503 1072 uoluntatem
533 1009 637 1072 habuit
659 1028 721 1074 non
742 1015 875 1092 turpem,
912 1030 968 1075 re·-
1072 1019 1078 1032 “

53 1095 158 1155 mansio
174 1095 387 1173 necessitatem
404 1097 494 1156 etiam
512 1094 678 1156 honestam.
720 1093 803 1177 Ergo
825 1095 890 1158 baec
907 1095 968 1158 duo

54 1181 178 1256 tempora
209 1183 314 1240 carent
335 1177 480 1254 crimine,
512 1195 622 1255 unum,
655 1195 747 1260 quum
775 1183 822 1240 est
850 1179 968 1261 legatus

52 1259 216 1339 proiectus,
248 1261 395 1339 alterum,
420 1279 530 1343 quum,
553 1261 735 1344 elllagitatus
757 1280 775 1324 a
799 1263 968 1343 provincia,
1045 1339 1048 1346 Ι

52 1343 221 1424 prepositus
243 1345 359 1406 Airicae
380 1350 435 1406 est.
478 1345 610 1406 'lentium
631 1352 750 1425 tempus
777 1350 839 1423 est,
861 1343 996 1428 qu0d¹⁶

53 1433 114 1505 post
134 1428 293 1492 aduentum
315 1427 387 1490 Vari
418 1429 449 1490 in
469 1428 575 1490 Africa
605 1430 729 1504 restitit,
764 1430 896 1510 quodsi
921 1435 968 1492 est

53 1510 247 1590 criminosum,
271 1512 462 1574 necessitatis
486 1513 601 1572 crimen
625 1518 690 1588 est,
712 1529 773 1573 non
794 1514 968 1575 uoluntatis.

52 1593 94 1654 dn
108 1594 170 1666 ille,
189 1596 215 1656 si
232 1596 385 1677 potuisset
401 1595 484 1656 illinc
500 1592 564 1656 ullo
581 1593 672 1656 modo
690 1594 831 1671 evadere,
850 1593 968 1657 Uticae2

51 1693 129 1755 quum
147 1677 260 1753 Romae,
285 1697 352 1740 cum
375 1678 406 1740 P.
427 1678 499 1741 Atio
522 1695 611 1759 quam
634 1695 700 1739 cum
718 1677 967 1740 concordissimis

51 1757 201 1839 iratribus,
235 1779 305 1824 cum
330 1761 437 1824 alienis
459 1778 638 1842 essequam
664 1777 731 1822 cum
754 1761 816 1824 suis
838 1761 967 1824 maluis-

52 1844 113 1904 set?
156 1845 255 1919 Quum
277 1846 343 1927 ipsa
374 1844 485 1927 legatio
508 1845 598 1926 plena
621 1843 764 1907 desiderii
789 1861 825 1907 ac
843 1841 971 1908 sollici-‚
1006 1831 1038 1870 '¹

51 1927 151 1990 tudinis
172 1928 283 1992 luisset
304 1936 429 2010 propter
448 1927 655 1991 incredibilem
672 1928 820 2009 quendam
841 1926 966 1991 fratrum
1019 1947 1021 1954 ’

52 2027 181 2090 amorem,
210 2013 261 2074 bio
283 2029 370 2094 {equo
393 2014 493 2075 aoimu
515 2029 585 2075 esse
605 2013 722 2096 potuit,
743 2012 817 2075 belli
837 2011 966 2076 discidio
995 2037 997 2044 ·

51 2091 196 2159 distractus
222 2115 240 2159 a
263 2094 434 2159 iratribus?
958 2107 962 2114 '

129 2179 249 2242 Nullum
272 2180 366 2261 igitur
386 2179 499 2257 habes,
529 2177 649 2256 Ceasar,
679 2177 778 2242 adbuc
798 2179 830 2243 in
854 2179 890 2254 Q.
910 2177 995 2242 lai-⁶

52 2262 129 2340 gario
150 2265 272 2345 signum
294 2263 401 2325 alienae
420 2281 436 2324 a
455 2268 486 2324 te
503 2263 683 2338 uoluntatis3
704 2264 790 2346 cuius
812 2281 872 2346 ego
891 2279 968 2326 cau-

52 2359 117 2421 sam,
139 2347 355 2425 aoiroadverte,
377 2363 491 2427 quaeso,
515 2363 574 2426 qua
589 2346 647 2407 srde
667 2346 845 2431 delendam:
868 2345 967 2429 prodo

52 2443 147 2493 meam.
196 2431 222 2492 0
247 2429 447 2492 clementiam
462 2427 669 2491 admirabilem
684 2427 685 2436 ’
698 2435 787 2510 atque
809 2429 968 2492 omnium³

53 2507 140 2590 laude,
160 2514 386 2596 predicatione,
410 2513 517 2575 litteris
539 2513 800 2594 monumentisque
814 2513 969 2576 decoran-

54 2591 128 2671 dam,
159 2617 251 2679 quum
272 2596 311 2659 bl.
332 2596 467 2658 Cicero⁴
487 2596 566 2678 apud
588 2602 619 2659 te
640 2595 790 2674 defendit,
824 2595 915 2658 aliurn
936 2596 969 2659 in

53 2693 83 2736 aa
103 2681 254 2746 voluntate
274 2697 337 2742 non
358 2679 473 2757 luisse,
497 2682 529 2742 in
552 2697 610 2761 qua
634 2697 669 2742 se
692 2681 790 2762 ipsum
811 2678 969 2743 confitetur

53 2757 148 2836 luisse,
170 2783 229 2828 neo
249 2771 315 2827 tuas
337 2765 440 2825 tacitas
462 2764 663 2846 cogitationes
685 2764 874 2844 extimescit,
898 2781 968 2842 neo,

55 2845 117 2922 quid
136 2849 187 2911 tibi
211 2849 249 2911 de
268 2848 328 2909 alio
347 2846 479 2910 audienti
502 2847 540 2908 de
555 2865 589 2909 se
607 2848 675 2928 ipso
693 2853 841 2926 occurrat,
861 2846 968 2909 relor·
1072 2899 1074 2907 .

54 2927 142 2992 midat.
187 2932 395 3014 Vide‚,quam
416 2947 477 2992 non
500 2929 713 3006 reformidem3
748 2931 835 3008 uide,
857 2936 967 3012 quanta
1012 2916 1037 2990 3

55 3007 101 3071 lux
120 3013 308 3079 liberalitatis
333 3020 362 3076 et
385 3014 543 3095 sapientiae
571 3019 630 3076 tuae
653 3013 725 3074 milri
755 3012 835 3096 apud
864 3011 895 3076 le
916 3013 968 3078 di-

55 3097 125 3157 canti
147 3101 318 3162 oboriatur:
353 3096 501 3171 Quantum
523 3103 650 3178 potero,
678 3114 755 3160 voce
776 3098 967 3178 contendam,
1065 3171 1067 3180 Ι

55 3183 84 3236 ut
104 3185 232 3262 populus
255 3185 316 3245 hoc
339 3179 491 3244 Romanus
512 3180 671 3244 exaudiat:
704 3179 852 3264 Suscepto
873 3181 996 3258 bello,²

56 3257 157 3341 Caesar,
179 3275 268 3350 gesto
291 3265 378 3328 etiam
402 3282 440 3326 ex
461 3270 549 3345 parte
570 3265 713 3348 magnai,
734 3266 816 3329 nulla
838 3264 869 3327 vi
890 3280 968 3327 coa·
1002 3293 1007 3306 =

57 3349 125 3422 otus,
144 3349 256 3412 iudicio
279 3367 314 3412 ac
334 3349 486 3412 voluntate
502 3347 539 3410 ad
557 3366 594 3411 ea
616 3367 697 3412 amna
713 3347 870 3431 prolectas
890 3365 970 3424 sum,

58 3443 116 3504 qua
137 3439 220 3496 arant
238 3440 355 3516 sumpta
370 3439 474 3494 contra
495 3437 536 3494 te.
579 3429 669 3514 Apud
691 3449 780 3514 quem
795 3431 888 3514 igitur
909 3431 969 3492 boc

58 3507 143 3575 dico?
189 3517 305 3600 Nempe
334 3515 413 3599 apud
443 3535 530 3597 eum,
562 3519 632 3599 qui,
663 3534 755 3599 quum
783 3515 844 3578 boo
865 3515 969 3592 sciret,

60 3642 278 3666 ⁸²·———--.-

1057 1735 1077 1772 ,
1124 1735 1127 1748 ,

92 3722 102 3752 ¹
119 3723 193 3779 codd.
204 3728 264 3793 (lt.)
275 3721 309 3766 -ἱ
322 3737 362 3783 est
372 3736 487 3798 tempus,
509 3744 571 3799 quo.
609 3725 717 3780 ’Utica
728 3727 823 3794 potius.
862 3726 875 3760 ⁸
892 3727 971 3780 omni.

91 3791 315 3854 ⁴decorandaml
346 3800 377 3853 tl.
401 3799 505 3852 Cicero.
551 3791 972 3864 ·E.Qotor.1x,2,28.1l1,
1001 3821 1002 3824 ¹

90 3857 250 3925 3‚166.-
270 3887 365 3938 magna
383 3878 471 3938 parte„
956 3917 958 3920 .

730 4005 778 4056 la·
