2546 4310
312 267 418 362 mil
428 353 431 363 γ

260 422 379 482 maxime
408 419 590 492 sustinuerit,
625 421 655 478 io
686 417 789 478 ceteris
812 421 914 512 poten
940 417 1055 479 alterins
1080 421 1194 483 iamiiic

259 503 403 564 codicibus
426 499 573 574 sedisset,
608 503 684 578 quod
712 502 1113 580 rectuminterpreturnentun
1139 510 1193 566 ast

258 588 294 648 Et
309 593 402 654 tamen
425 601 460 643 ne
483 586 544 643 beo
565 585 678 662 quidern
698 591 754 644 tam
776 586 921 645 maniicstu
939 587 1122 662 interpolatio
1144 593 1194 647 aut

258 672 321 748 ipsa
341 668 532 728 animadverso
554 676 601 730 est,
620 675 669 727 aut
699 667 773 728 viam
794 670 832 727 ad
859 668 967 743 reliqna
995 669 1194 744 investiganda

258 753 431 816 monstrarit.
476 751 580 810 Verum
602 752 633 810 io
661 750 715 824 iis,
746 767 818 826 qnos
849 752 1083 826 commemorari,
1117 754 1194 813 tonis

258 836 371 912 decepit
391 835 514 894 editores
529 833 739 894 recentissimos
757 835 905 894 coniuncta
920 835 1040 910 plurium
1061 838 1194 899 codicum

257 913 419 978 auctoritas.
479 916 567 987 Quum
599 925 690 976 autem
725 917 880 977 clarissima
912 923 987 975 esset
1019 919 1193 979 Erfurteusia
1257 975 1258 978 ,

258 1001 366 1062 codicis
387 1001 477 1073 tama,
517 1001 563 1074 qui
594 1001 684 1059 nihilo
711 999 761 1059 bio
790 999 893 1059 ceteris
923 998 1048 1059 eiusdem
1077 997 1193 1076 generis

245 1086 368 1157 ¹unctior,
385 1083 522 1142 interdum
544 1085 627 1142 etiam
650 1083 820 1158 inquinatior
843 1089 897 1158 cst,
918 1083 1002 1141 etiarn
1022 1085 1104 1143 inuios
1118 1103 1194 1162 pro-

258 1169 337 1246 prios
358 1183 469 1226 errores
492 1167 686 1242 abripuerunt,
712 1172 743 1224 ut
763 1166 793 1225 in
814 1169 834 1237 s
856 1169 875 1224 9
897 1182 934 1224 ex
954 1183 1010 1224 uno
1032 1167 1084 1226 it-lo
1105 1170 1193 1228 Klot-

258 1251 335 1326 cius,
364 1249 538 1323 Bancokius,
571 1247 708 1307 soldanus
729 1247 918 1325 seripserunt:
948 1249 1113 1309 cottonem
1135 1254 1194 1326 ipsi

257 1337 302 1396 rei
321 1333 433 1392 oeaimn
449 1337 478 1390 tc
499 1329 632 1390 domm
651 1349 714 1390 esse
736 1334 805 1408 (pro
825 1331 934 1406 foisse)
957 1331 1079 1404 dicebas,
1102 1336 1132 1392 si
1153 1365 1187 1376 -

256 1421 318 1492 ipse
340 1416 435 1474 etatis
457 1417 641 1474 eceusntinoe
660 1431 729 1473 curn
751 1421 842 1488 esset,
877 1431 993 1492 prorsus
1014 1416 1051 1474 ad
1070 1419 1190 1476 eundern

257 1501 370 1560 modum
392 1513 428 1558 ue
452 1498 479 1558 ai
499 1497 636 1556 decorem
657 1499 746 1574 ipsura
776 1495 914 1556 dicentem
944 1499 1096 1559 iaciamus:
1136 1503 1190 1562 Ve-

211 1623 214 1633 ι
255 1586 334 1644 niem
355 1579 441 1653 dodo,
460 1584 488 1639 si
502 1585 595 1640 oetntr's
608 1582 791 1641 sementinae
810 1599 879 1639 ason
900 1597 986 1640 esses.
1030 1581 1092 1640 Nisi
1113 1583 1191 1642 forte

255 1667 324 1728 belli
348 1667 430 1726 initio
455 1665 592 1724 cesarem
611 1667 684 1725 banc
704 1663 899 1724 condicionem
926 1664 1061 1725 Deiotaro
1089 1668 1191 1726 tulisse

255 1751 410 1830 putabimus
433 1748 536 1820 (dabo,
551 1747 584 1806 'si
608 1777 642 1792 ·-
668 1766 737 1807 usus
757 1747 888 1821 [omnb-
934 1747 973 1806 ita
995 1749 1068 1806 cuim
1091 1751 1190 1808 oratio

255 1835 334 1895 salve
354 1831 426 1906 orit,
458 1849 503 1890 res
528 1831 657 1889 absurda.
701 1831 859 1905 Exponitur
878 1831 970 1904 enim,
1000 1831 1070 1905 quid
1090 1832 1189 1891 Cesar

255 1916 321 1996 post
346 1914 452 1975 boilum¹
477 1912 513 1972 de
543 1913 618 1972 iacto
650 1911 776 1973 Deiotari
801 1911 978 1972 indicaverit.
1025 1915 1082 1972 Sed
1104 1915 1189 1990 piget

255 2000 393 2075 todetquc
415 1997 451 2056 de
472 1996 631 2057 huiuamodi
654 1997 737 2055 rebus
756 1995 842 2061 rerba
866 1997 971 2056 iacere.
1015 1997 1111 2072 Neque
1130 2001 1187 2058 mi-

255 2101 306 2154 nus
328 2097 415 2158 prave
438 2083 460 2152 s
482 2081 525 2139 22
550 2081 579 2138 in
599 2080 643 2138 tris
670 2080 785 2142 uerbis:
824 2078 927 2154 poidoa
943 2077 1058 2152 ‚issem
1081 2079 1187 2140 bettone

82 2161 85 2168 '
157 2185 161 2194 ¹
251 2165 361 2242 popolo
382 2165 508 2244 Romano
526 2170 633 2236 posset,
653 2163 808 2222 Bencekius
827 2169 856 2222 et
876 2156 1013 2222 Sotdanns
1034 2163 1187 2226 Erinrten·

253 2267 314 2310 nens
334 2265 417 2307 unum
436 2247 526 2307 secuti
549 2253 628 2321 cunt,
650 2248 679 2304 in
699 2264 775 2322 quo,
803 2247 904 2306 omissa
927 2247 982 2304 bae
999 2253 1065 2304 nota
1085 2248 1119 2305 Ρ.
1140 2250 1187 2318 It,

253 2332 391 2393 sententio
412 2329 587 2407 pessumdato
608 2337 672 2405 est;
692 2331 875 2406 nequeenim
895 2329 998 2387 Cicero
1019 2336 1107 2404 negat
1120 2331 1186 2390 aliia

254 2417 343 2476 minus
374 2414 531 2491 potentibus
561 2412 706 2485 hostibus,
740 2413 840 2485 remoto
868 2412 956 2472 otioni
988 2417 1036 2471 eut
1064 2413 1185 2492 oppido,

253 2501 356 2560 bellurn
377 2498 539 2557 Deiotarum
559 2496 664 2555 inferre
682 2494 818 2573 potuisse.

262 2619 265 2626 ι
342 2581 393 2641 Fui
422 2582 543 2642 tortasse
572 2579 826 2640 inhonoratione
849 2577 1091 2638 commemoranda
1113 2577 1182 2638 ton-

252 2667 335 2740 gior3
357 2665 409 2725 aed
428 2681 545 2724 necesse
565 2681 629 2722 essa
648 2663 742 2739 putori
764 2678 820 2719 uno
838 2663 966 2736 exempto
981 2662 1186 2734 demonstrare,

252 2751 308 2808 boc
333 2755 421 2806 totum
444 2749 550 2806 eriticae
578 2763 683 2819 genus,
714 2744 790 2821 quod
811 2745 855 2802 bis
875 2744 954 2802 annis
976 2761 995 2802 c
1015 2746 1048 2804 u.
1069 2745 1185 2804 Ktotaio

150 2901 152 2906 ,
252 2833 289 2890 nd
310 2847 406 2890 ornnes
422 2830 568 2892 Ciceronis
589 2830 732 2889 orationes
753 2826 903 2886 adhibitum
918 2834 1003 2901 essct,
1024 2829 1104 2888 sario
1119 2829 1184 2887 aci·

252 2915 320 2974 licet
340 2919 450 2987 aventu,
471 2920 501 2970 ut
517 2913 547 2970 in
562 2929 670 2987 quaque
691 2912 818 2970 oratione
839 2910 1001 2969 melioribus
1025 2919 1073 2968 aut
1093 2911 1184 2978 minus

252 2999 335 3056 nonis
357 2997 503 3056 codicibus
523 3013 554 3053 se
578 2995 783 3070 mancipasset,
807 3009 888 3069 quam
909 2999 985 3052 esset
1007 3011 1059 3068 per
1081 3011 1113 3052 se
1134 2995 1184 3052 io-

252 3099 305 3155 ane
327 3087 357 3138 et
377 3079 582 3153 superstitionis
602 3081 723 3155 plenum.
763 3079 825 3138 Non
845 3093 951 3153 pancos
967 3079 1041 3134 enim
1060 3083 1090 3135 et
1109 3078 1182 3156 reli-

254 3163 350 3235 gionis
372 3162 549 3236 professione
569 3168 598 3218 et
618 3162 740 3236 quodam
759 3161 907 3219 verborum
927 3161 1182 3235 promissorumque

253 3246 373 3320 strepitu
399 3245 480 3303 nimis
501 3245 586 3301 tacite
606 3246 670 3318 oapi
690 3244 792 3317 uideo,
818 3245 957 3301 attonito
981 3245 1048 3300 mibi
1071 3243 1183 3302 rectio-

250 3347 310 3388 rem
330 3329 405 3386 viarn
430 3333 526 3384 tancre
554 3345 611 3386 non
637 3328 760 3385 licuerit.
811 3327 842 3385 lo
863 3326 943 3400 eius,
975 3343 1058 3401 quaro
1078 3342 1182 3401 repre-

251 3413 351 3486 bendi,
384 3411 590 3485 superstitionis
620 3417 701 3483 parta
733 3410 789 3468 boc
816 3426 927 3486 quoque
947 3409 1104 3485 ponendum
1127 3409 1181 3481 est,
1255 3399 1256 3476 J

252 3497 345 3570 quod,
389 3493 479 3553 sicubi
510 3493 546 3549 ad
575 3493 690 3550 codices
724 3497 836 3550 nostros
869 3494 990 3550 accessit
1017 3494 1182 3566 praectarum

250 3577 524 3637 sane-testimonium
549 3577 753 3634 scholiorume
781 3574 928 3633 codicibus
955 3577 1179 3652 palimpsestisa

230 3661 323 3718 dicio
346 3667 503 3730 erutorum,
537 3660 608 3718 iliud
629 3661 690 3717 sine
712 3659 771 3718 uilo
797 3660 914 3717 'omnino
942 3659 1101 3718 discrimine
1129 3675 1179 3716 se-

211 3811 214 3817 ¹
249 3749 377 3819 quuntur.
429 3744 513 3800 Velut
542 3744 571 3802 in
599 3744 728 3802 oratione
754 3760 806 3817 pro
836 3742 939 3800 Archia
968 3741 1179 3812 §eutonius

249 3843 302 3903 pro
326 3835 430 3894 contar·
451 3827 528 3886 itiioc
559 3828 658 3886 ascivit
685 3828 827 3898 operarer,
870 3834 898 3883 et
927 3825 1077 3885 inauditum
1099 3825 1176 3882 verbi
