2546 4310
202 223 294 279 l‘ll0
320 218 415 280 SEX.
434 220 616 279 neseio
642 223 874 280 AMERINO.
963 227 998 277 at

73 394 295 479 tequeanini
315 400 439 460 terrent.
485 395 538 459 llae
561 401 632 460 sunt
660 395 760 480 impiis
786 395 916 462 assidue
937 395 997 462 do-

73 482 265 562 mesticaeque
295 481 410 559 Furia,
449 495 518 561 quaa
550 480 618 544 dies
646 487 812 564 noctesque
840 487 996 563 parentum

73 582 184 648 poenas
225 583 243 626 a
282 563 584 627 consceleratissimis
607 564 694 627 -rtttis
726 569 873 647 repetant
925 563 1042 626 neces

72 648 244 730 magnitudo
278 646 416 710 maleficii
444 646 527 723 iacit,
551 653 594 723 ut,
617 647 677 710 nisi
697 665 784 730 paene
805 646 996 710 manifestum

71 731 263 815 parricidium
287 731 470 811 proferatur,
501 730 646 794 credibile
667 749 730 794 non
751 733 807 806 sit3
842 732 902 794 nisi
925 737 995 793 tur-
1087 749 1089 754 ¹
1180 793 1184 806 ,

71 816 116 899 pis
139 814 358 893 adolescentia,
381 814 441 878 nisi
461 814 599 878 omnibus
612 815 734 898 flagitiis
755 815 814 878 vite
830 813 996 896 inquinate,

72 899 127 961 nisi
148 903 286 980 sumptus
308 897 397 960 effusi
421 916 488 962 cum
505 897 620 980 probru
644 905 733 979 atque
755 897 916 977 dedecore,
935 898 995 960 nisi

71 987 210 1064 prorupta
232 981 370 1060 audacia,
398 982 458 1045 nisi
482 987 562 1044 tanta
585 985 747 1059 temeritas,
778 987 893 1044 utnon
938 997 995 1042 ro-

72 1065 117 1128 cul
133 1065 347 1128 abhorreatalt
365 1065 492 1128 insania.
530 1064 664 1128 Accedat
678 1064 739 1128 huc
756 1070 876 1146 oportet
892 999 994 1128 ogiam

71 1150 210 1232 parentis,
238 1147 508 1212 animadversionis
530 1154 663 1230 paterne
686 1155 792 1225 metus,
823 1148 912 1212 amici
933 1148 1020 1209 im-'

70 1231 164 1314 probi,
187 1230 274 1296 servi
298 1232 425 1311 conscii,
448 1237 567 1315 tempus
589 1230 743 1310 idoneum,
767 1232 854 1295 loeus
876 1247 995 1314 oppor—
1115 1274 1118 1281 -

70 1322 137 1379 tunc
167 1323 276 1399 captus
299 1315 337 1378 ad
358 1333 425 1378 earn
446 1332 529 1390 rem3
566 1331 654 1397 pene
678 1315 795 1392 dicam,
834 1329 994 1396 respersas

71 1418 170 1464 manus
194 1399 347 1480 sanguine
368 1405 494 1481 paterno
508 1398 632 1462 'iudices
654 1399 775 1461 videant
796 1402 936 1481 oportet,
967 1397 994 1460 si
1059 1421 1063 1434 ·
1162 1397 1164 1404 ’

71 1488 175 1546 tanmm
199 1481 332 1559 lacinus,
353 1488 413 1544 tarn
435 1483 574 1560 immane,
596 1488 657 1544 tam
683 1482 825 1545 acerbum
850 1480 993 1545 credituri

72 1572 142 1628 sunt.
190 1566 295 1641 Quare
317 1563 394 1643 hoc,
434 1582 495 1647 quo
520 1565 619 1627 minus
652 1570 699 1628 est
728 1565 894 1642 credibile,
931 1563 1039 1628 nisiae

71 1651 251 1728 ostenditur,
287 1663 326 1711 eo
347 1648 445 1731 magis
467 1655 524 1724 est
553 1646 581 1710 si
601 1648 801 1725 convincitur,
832 1647 992 1710 vindican-

72 1731 143 1795 dum.
188 1733 296 1815 ltaque
317 1751 407 1813 quum
431 1731 533 1794 multis
554 1747 594 1792 ex
616 1729 708 1794 rebus
729 1730 859 1814 intelligi
881 1735 992 1812 potest,
1057 1699 1107 1772 ²5

72 1817 194 1879 maiores
226 1820 352 1880 nostrus
374 1831 436 1878 non
457 1816 548 1878 modo
565 1815 655 1876 armis
676 1814 744 1897 plus
766 1833 853 1896 quarn
874 1818 992 1878 ceteras
1124 1848 1126 1854 .

71 1900 211 1979 nationes,
231 1917 340 1962 rerum
363 1899 451 1962 etiarn
473 1898 602 1961 consilio
616 1898 831 1981 sapientiaque·
843 1897 992 1978 potuisse,

71 1987 128 2044 tum
141 2001 178 2045 ex
192 1983 251 2046 hac
269 1999 305 2044 re
325 1977 375 2044 v'cl
396 1982 534 2059 menime,
557 1981 639 2063 quod
661 1983 692 2044 in
708 1981 817 2064 impios
835 1979 992 2064 singulare

73 2067 243 2148 supplicium
268 2066 478 2151 inveneruntv
507 2064 571 2139 Qua
593 2064 624 2127 in
639 2082 674 2128 re
696 2070 837 2146 mantum
853 2062 991 2147 pruden-

74 2149 110 2211 tia
131 2150 328 2232 prestiterint
348 2145 404 2228 ils,
442 2149 495 2232 qui
528 2148 608 2230 apud
636 2146 992 2229 ceterossapientissimi
1071 2185 1074 2193 ·
1125 2181 1127 2188 <

74 2229 163 2296 luisse
187 2235 349 2310 dicuntur,
381 2233 582 2298 considerate.
630 2230 865 2295 Prudentissima
886 2231 1039 2298 civiusrc

74 2313 308 2394 Atheniensium,
330 2316 458 2379 dumea
479 2334 580 2378 rerum
601 2317 698 2397 potita
722 2322 779 2393 est,
807 2314 904 2378 luisse
924 2320 992 2376 tra-

75 2397 153 2462 ditnr.
198 2401 274 2464 Eius
306 2416 399 2482 porro
421 2400 549 2462 civitatis
571 2396 993 2481 sapientissimumsolcnem

76 2480 168 2546 dicunt
188 2483 296 2561 luisse,
320 2500 400 2561 curn,
430 2482 482 2565 qui
503 2483 601 2566 leges,
622 2482 733 2564 quibus
756 2482 848 2545 hodie
871 2497 993 2562 quoque

75 2569 204 2646 utuntur,
244 2567 410 2647 scripserit.
465 2566 494 2628 ls
524 2584 614 2647 quum
637 2567 898 2648 interrogaretur,
937 2580 1002 2636 cur,

76 2649 180 2712 nullum
202 2650 388 2732 supplicium
413 2650 619 2713 constituisset
640 2650 670 2710 in
696 2666 775 2725 eum,
805 2647 855 2729 qui
877 2663 993 2728 paren-

77 2735 129 2793 tem
156 2738 312 2811 necasset,
349 2733 522 2816 respondit,
560 2745 595 2795 se
616 2733 647 2798 id
670 2731 820 2795 neminem
843 2729 993 2794 iacturum

76 2821 197 2894 putasse.
240 2816 401 2899 Sapienter
418 2816 531 2880 iecisse
547 2816 667 2900 dicitur,
690 2833 781 2897 quum
801 2814 839 2877 dc
863 2831 901 2877 eo
917 2812 993 2876 nihil

77 2901 209 2980 samerit,
241 2899 323 2984 quod
346 2906 435 2964 antea
457 2901 649 2963 commissum
671 2913 738 2962 non¹
755 2904 837 2976 erat,
868 2913 909 2967 ne
930 2914 992 2958 non

77 2983 129 3044 tarn
159 2983 323 3066 prohibere
360 3002 450 3065 quam
475 2983 640 3048 admonere
664 2981 827 3046 videretur.
874 2979 993 3054 Quanto

77 3065 196 3130 naiores
219 3069 315 3131 nostri
345 3067 537 3150 sapientius?
576 3067 628 3149 qui
659 3083 750 3148 quum
777 3063 994 3148 intelligerent,
1025 3061 1026 3070 ’

79 3146 145 3210 nihil
163 3167 231 3215 esse
251 3156 472 3228 tensendum,
496 3150 578 3232 quod
598 3167 660 3212 non
683 3148 844 3231 aliquando
864 3146 993 3210 violaret

80 3230 203 3312 audacia,
228 3234 409 3318 supplicium
434 3234 465 3296 in
488 3232 655 3316 parricidas
679 3233 836 3314 singulare
861 3229 992 3311 excogi-

79 3314 214 3394 taverunt,
235 3325 275 3396 ut,
299 3336 376 3401 qnos
397 3323 503 3382 natura
518 3318 584 3400 ipsa
605 3317 745 3382 retinere,
759 3317 790 3380 in
811 3313 912 3378 ulsrcio
930 3329 993 3374 non

81 3399 226 3481 potuisset,
256 3402 486 3484 magnitudine¹
518 3419 627 3483 poenae
648 3399 796 3463 maleficio
817 3411 992 3460 summove-

81 3485 180 3544 rentur.
226 3485 307 3550 lnsui
331 3484 492 3548 voluerunt
520 3485 550 3547 in
580 3484 699 3547 culeum
722 3483 809 3546 vivos
831 3486 921 3561 atque
950 3478 993 3539 ita

82 3556 229 3629 indumen
251 3569 349 3631 deiici.
396 3567 625 3650 Osingularem
647 3566 835 3649 sapientiam,
857 3559 1036 3625 iudicesltl
1055 3556 1106 3630 26

81 3635 173 3712 Nonne
187 3651 324 3716 videntur
344 3651 424 3720 hunc
441 3650 592 3715 hominem
616 3669 656 3714 ex
676 3668 778 3715 rerum
796 3653 901 3718 natiue
919 3663 992 3710 sus-

80 3772 289 3794 *Qu-n.-

234 3800 237 3808 .

112 3828 120 3860 ¹
146 3835 211 3890 codd.
232 3840 287 3894 eds.
305 3849 363 3894 teti.
380 3865 414 3892 -,-
431 3841 448 3894 it
465 3838 655 3929 magnitudine.
