2490 4316
270 197 322 248 lto
617 175 849 248 ofnnrrc

146 367 152 384 ⁸
269 366 460 444 corruptum,
490 357 573 424 Ιιιιο1
600 375 667 422 sum
689 357 894 441 suspicione²
916 375 1100 442 percussus:
1128 361 1185 424 lle-
1236 387 1237 416 ι

271 449 369 518 dicum
389 445 520 524 indicem
543 441 734 519 subornauit3
777 441 871 526 finget
902 443 1045 526 uidelicet
1074 445 1186 526 aliquod

268 531 383 594 crimen
403 525 521 592 veneni.
566 525 628 588 Etsi
650 527 814 589 averitate
836 526 939 610 longe,
960 531 1061 590 tamen
1080 547 1098 589 a
1120 546 1186 590 oon·
1236 539 1237 586 l

269 611 427 678 suetudine
459 608 636 683 criminandi
669 627 731 672 non
765 607 889 672 multum
921 628 973 674 res
1006 611 1187 674 abhorrebat.
1236 611 1237 696 l

222 696 349 773 roOuid
364 696 412 774 'ait
432 692 593 756 medicus?
635 691 716 756 Nihil
747 691 784 754 de
812 711 943 756 ueneno.
997 693 1038 756 At
1069 695 1102 758 id
1131 694 1187 756 lieri
1236 697 1237 766 i

186 813 189 826 =
267 779 364 863 potuit
382 777 481 858 primo
500 775 647 840 occultius
670 776 701 838 in
722 777 857 858 potione,
881 777 939 840 ιιι3
968 777 1055 853 oilo03
1087 777 1189 842 deinde
1236 775 1237 806 ⁴

183 1692 205 1763 7

183 1959 185 1965 ’
269 1944 371 2008 diandi
390 1943 502 2006 locus?
527 1941 567 2004 At
586 1939 692 2004 eodem
712 1947 752 2019 te,
771 1960 862 2023 quum
883 1943 1090 2021 comedisses,
1112 1943 1191 2005 redi·
1236 1989 1237 2012 ,

174 2067 178 2080 ι
268 2036 367 2096 turum
389 2026 519 2102 dixeras,
541 2025 642 2106 itaque
662 2024 772 2088 iecisti.
815 2025 926 2088 Horam
947 2043 1037 2089 onam
1058 2032 1110 2089 aut
1125 2027 1192 2090 duas
1236 2093 1237 2096 ,

268 865 359 926 etiam
380 858 531 942 impunius
556 859 603 935 lu,
636 858 735 940 prod,
764 877 853 940 quum
872 865 918 924 cst
938 858 1067 940 facturn,
1090 859 1189 944 negari

266 950 376 1028 potest.
410 943 451 1012 ‚si
468 943 566 1024 palam
587 949 616 1004 te
634 943 845 1020 interemisset,
867 943 999 1008 omniurn
1016 944 1049 1006 in
1066 962 1103 1006 se
1118 962 1189 1028 gen·
1236 945 1237 1016 Ῑ

226 1047 229 1058 ·
268 1031 343 1095 tium
364 1044 425 1090 non
446 1027 544 1100 solum
566 1024 653 1102 odia,
684 1026 740 1088 sed
763 1027 853 1089 etiam
876 1045 957 1088 anna
979 1029 1189 1100 convertissat;
1236 1043 1237 1122 p

267 1115 296 1178 si
319 1126 448 1188 veneno,
470 1108 550 1172 lovis
573 1109 645 1171 ille⁴
667 1109 790 1189 ¹quidem
806 1109 964 1192 hospitalis
980 1128 1092 1172 numen
1109 1129 1190 1172 nom·

270 1215 359 1278 ᾳιιιιιι
391 1195 492 1256 celare
523 1192 690 1275 potuisset,
731 1192 869 1256 homines
897 1192 1028 1256 sortasse
1059 1194 1190 1258 celasset
1236 1191 1237 1246 ἶ

269 1278 359 1360 Quod
379 1279 473 1361 igitur
494 1283 526 1338 et
547 1275 655 1338 conari
677 1275 851 1339 occultius⁶
867 1281 915 1338 tet
935 1275 1058 1338 allicere
1083 1277 1190 1340 cautius

292 1363 375 1440 otuit,
399 1359 430 1422 id
451 1359 514 1432 titi,
539 1364 568 1421 et
589 1357 707 1422 medico
732 1359 842 1422 callido
868 1367 899 1421 et
920 1377 1023 1438 servo,
1053 1365 1087 1422 ιιι
1108 1367 1190 1442 puta-
1236 1391 1237 1396 ι

268 1382 442 1524 datssrdeli,
462 1461 524 1508 non
546 1441 681 1520 credidit,
706 1442 743 1504 de
764 1443 865 1519 armis,
887 1425 1034 1519 dedomo,
1060 1444 1099 1506 de
1120 1443 1192 1507 insi-

223 1553 259 1604 ιο
271 1529 328 1592 diis
350 1529 451 1593 celare
471 1533 503 1594 te
527 1525 648 1588 noluit?
681 1525 722 1588 nt
743 1545 830 1607 quarn
850 1525 959 1590 festive
982 1526 1098 1590 crimen
1122 1545 1191 1588 oon·
1236 1537 1237 1578 ῑ

270 1611 398 1678 territuri
421 1610 484 1674 'dua
506 1615 547 1684 te,
567 1608 674 1690 inquit,
699 1608 815 1688 eadem,
838 1626 904 1691 qnae
927 1627 1058 1691 semper,
1078 1609 1191 1672 lortuna

271 1695 418 1760 servavit:
461 1691 612 1774 negavisti
641 1697 702 1754 tum
731 1698 761 1754 te
790 1693 942 1774 inspicere
970 1693 1059 1757 uelle.
1121 1692 1192 1766 Quid
1236 1701 1237 1760 t

256 1777 402 1863 ,posteat
424 1794 462 1838 an
482 1775 654 1852 Deiotarus,
678 1793 713 1837 re
734 1775 788 1838 illo
810 1782 947 1858 tempore
970 1795 1032 1838 non
1052 1777 1192 1858 perlecta,

269 1861 412 1926 contiuuo
435 1859 547 1922 dimisit
570 1859 762 1921 exercitum?
800 1858 907 1923 Nullus
929 1866 993 1920 erat
1014 1859 1097 1923 alius
1121 1860 1191 1922 insi·
1236 1879 1237 1954 p

269 2112 378 2174 eodem
398 2110 467 2172 loco
492 2113 638 2185 armatos,
676 2115 709 2171 ut
730 2107 872 2172 collocati
893 2108 1028 2188 fuerant,
1063 2112 1192 2173 retinere
1236 2103 1237 2140 ³

269 2194 411 2278 magnum
434 2190 515 2254 luit?
539 2191 636 2264 Quum
654 2192 686 2254 in
708 2193 847 2254 convivio
871 2194 999 2256 comiter
1016 2200 1048 2255 et
1068 2193 1192 2256 iucunde

269 2277 392 2355 luisses,
416 2281 479 2338 turn
497 2274 570 2338 illuc
583 2275 643 2355 isti,
663 2281 697 2336 ut
716 2274 846 2342 dixeras.
888 2275 956 2348 ouo
971 2277 1002 2337 in
1016 2276 1086 2340 loco
1102 2276 1192 2339 Deio·
1236 2299 1237 2350 ι

269 2368 366 2424 tarum
386 2359 476 2424 talem
497 2376 571 2442 erga
593 2363 622 2420 te
646 2358 835 2441 cognovisti,
870 2359 967 2441 qualis
1000 2377 1058 2422 rex
1079 2359 1192 2423 Attalus

268 2445 302 2508 in
326 2443 358 2508 P.
379 2442 555 2508 Africanum
577 2440 645 2519 tuit,
666 2442 716 2504 cui
736 2441 1031 2524 magnificentissima
1053 2443 1144 2522 dona,
1164 2450 1193 2506 ut
1236 2477 1237 2504 ι

211 2537 217 2546 “
268 2528 414 2608 seriptum
433 2525 573 2610 legimus,
594 2541 691 2605 usque
705 2523 743 2586 ad
756 2524 943 2588 Numantiam
960 2525 1041 2589 misit
1057 2545 1098 2590 ex
1113 2527 1191 2602 Asia,
1236 2517 1237 2568 l

269 2627 337 2694 quae
359 2609 521 2673 Africanus
550 2609 736 2688 inspectante
766 2609 903 2672 exercitu
932 2611 1058 2692 accepit.
1109 2609 1190 2685 Quod
1236 2615 1237 2636 ¹

290 2711 360 2758 uum
389 2709 525 2776 presens
553 2692 715 2754 Deiotarus
745 2692 834 2774 regio
867 2697 896 2759 et
922 2694 1022 2756 animo
1052 2699 1083 2756 et
1111 2710 1190 2757 more
1236 2719 1237 2754 ι

222 2713 403 2860 „Fecisset
418 2775 496 2837 tuin
511 2774 680 2838 cubiculum
699 2773 876 2838 discessisti.
919 2774 1066 2854 Obsecro,
1083 2775 1189 2854 Cesar,
1236 2799 1237 2840 ι

191 2875 193 2882 ·
267 2867 373 2942 repete
396 2858 477 2922 illius
498 2859 667 2940 temporis⁰
691 2859 865 2921 memoriam
873 2879 883 2935 ;
915 2877 997 2940 pone
1019 2860 1104 2942 illurn
1127 2865 1189 2924 ante

268 2944 376 3006 oculos
407 2943 503 3019 diem3
538 2941 636 3005 vultus
668 2941 822 3004 hominurn
854 2949 884 3005 te
904 2942 1080 3008 intuentium
1106 2953 1190 3026 atquo
1236 2953 1237 3000 l

268 3023 476 3089 admirantium
496 3024 667 3090 recordare.
714 3023 791 3086 Num
814 3043 880 3108 quae
896 3027 1087 3108 trepidatio?
1123 3043 1188 3090 num

268 3109 321 3191 qui
343 3108 508 3171 tumultus?
541 3127 613 3172 num
636 3108 708 3189 quid
731 3109 790 3171 nisi
813 3108 977 3192 moderate,
1000 3111 1061 3174 nisi
1083 3113 1189 3193 quiete,

267 3189 328 3256 nisi
351 3191 539 3266 enhominis
561 3193 732 3274 gravissimi
754 3198 784 3253 et
800 3193 992 3272 sanctissimi
1010 3191 1189 3276 disciplina?

261 3273 348 3349 'Quid
370 3276 462 3358 igitur
486 3293 585 3344 oausae
613 3276 781 3358 excogitari
804 3281 923 3357 potest,
955 3294 1010 3339 cur
1040 3282 1070 3338 te
1100 3279 1189 3340 lotum

222 3359 407 3437 21wvoluerit,
428 3364 587 3422 coenatum
605 3359 739 3422 noluerit
761 3358 945 3422 occidere‘l'
974 3359 1007 3422 ln
1028 3367 1189 3441 posterum,

266 3443 373 3525 inquit,
395 3441 475 3506 diem
496 3441 619 3522 distulit,
643 3448 686 3522 ut,
708 3461 798 3524 quum
821 3443 854 3506 in
875 3443 1030 3508 castellum
1050 3444 1188 3510 Luceium

304 3651 380 3704 ²om.
405 3653 455 3708 hac
477 3671 573 3708 aromo.
626 3656 641 3691 ¹
667 3658 739 3712 codd.
772 3659 823 3712 edd
847 3668 906 3714 cett.
933 3687 969 3699 -
998 3661 1097 3727 auspic.
1127 3672 1187 3711 sum.
1236 3651 1237 3688 t

301 3721 433 3862 vagnpp.
450 3724 486 3848 ili
500 3727 578 3782 illius·
617 3729 779 3786 'occultius
797 3733 896 3783 conari·
938 3729 1038 3782 ‘codd
1059 3728 1116 3782 edd
1134 3734 1187 3780 cett.
1236 3719 1237 3742 ¹
