2468 4318
268 224 306 276 tto
585 211 820 271 ORATIO
856 215 877 274 Ι.

267 389 408 465 llalliana
428 392 527 454 eastra
542 383 725 452 desiderant.
765 386 850 452 Educ
866 392 967 464 tecum
983 385 1072 453 etiam
1087 397 1176 454 omncs

232 545 235 554 ,
266 481 353 553 tucs;
377 474 529 552 siminus,
547 471 814 554 quamplurimos;
835 490 935 554 purga
947 473 1062 537 urbem.
1082 461 1176 556 biagno

266 577 316 622 me
337 564 419 622 metu
436 547 591 634 liberabis,
612 554 772 620 dummodo
795 555 873 618 inter
894 573 943 620 me
964 563 1054 638 atque
1075 563 1104 620 te
1121 573 1177 619 mu-

266 661 320 707 rus
340 640 469 707 intersit.
511 641 676 702 Nobiscum
699 639 816 702 versari
839 638 898 712 iam
921 638 1031 705 diutius
1050 659 1111 704 non
1128 657 1178 722 po-

222 733 332 804 11tes;
356 743 418 788 non
439 723 546 801 ieram,
568 740 630 786 non
651 723 757 805 patiar,
779 739 841 784 non
862 725 967 787 sinam.
1009 723 1117 808 Magna
1132 723 1178 784 diis

266 808 484 875 immortalibus
512 807 652 870 habenda
677 812 724 868 est
747 811 837 888 atque
859 805 930 869 huic
953 808 1013 890 ipsi
1034 807 1099 871 lovi
1121 805 1177 870 Sta-

265 895 336 970 tori,
359 891 566 973 antiquissimo
590 889 708 952 custodi
726 890 815 953 buius
835 890 930 970 urbis,
955 892 1054 974 gratia
1064 891 1087 969 ¹,
1111 887 1177 972 qnod

264 978 345 1040 hanc
364 982 424 1038 tam
448 981 574 1052 tetram,
608 981 670 1036 tam
697 971 873 1037 horribilem
905 979 1026 1056 tamque
1053 973 1176 1037 infestam

265 1062 312 1124 rei
333 1059 461 1142 publico
483 1052 601 1140 pestem
625 1057 714 1119 toties
738 1058 797 1120 iam
827 1056 998 1140 effugimus.
1049 1057 1116 1121 Non
1141 1061 1177 1118 est

265 1145 378 1226 soepius
399 1143 431 1225 in
452 1158 514 1205 uno
535 1141 657 1207 homine
679 1158 793 1218 summa
816 1140 899 1224 salus
919 1141 1117 1222 periclitanda
1141 1138 1177 1201 rei

286 1227 422 1292 oblico..
464 1224 611 1298 Quamdiu
638 1225 710 1288 mibi
740 1223 857 1286 consuli
888 1224 1068 1307 designato,
1108 1222 1177 1292 Cati-

263 1247 346 1389 llna,
377 1308 535 1372 insidiatus
557 1326 609 1387 es,
641 1325 706 1370 non
724 1307 846 1390 publico
871 1325 919 1370 me
943 1309 1105 1389 prasidio,
1133 1305 1178 1371 sed

263 1395 380 1477 privata
411 1392 567 1474 diligentia
601 1390 735 1477 delendi,
787 1389 885 1464 Quum
913 1393 1062 1472 proximis
1095 1391 1177 1454 comi-

162 1487 164 1493 ’
265 1478 314 1541 tiis
345 1476 555 1541 consularibus
583 1493 632 1537 me
653 1473 809 1538 consulem
831 1475 862 1538 in
884 1493 997 1560 campo¹
1014 1483 1046 1538 et
1064 1479 1178 1556 bompa-

264 1561 370 1624 titores
394 1567 462 1623 tuos
492 1558 663 1622 interlicere
687 1558 828 1634 voluisti,
867 1560 1035 1640 compressi
1068 1564 1177 1634 conatus

264 1651 334 1708 tuos
356 1641 518 1708 nefarios²
551 1644 715 1706 amicorum
736 1640 879 1723 praesidio
904 1649 933 1704 et
955 1644 1084 1724 copiis,-
1099 1640 1177 1703 nullo

263 1728 390 1792 tumultu
411 1728 534 1810 publice
553 1728 721 1800 concitat03
767 1724 917 1807 deniquo,
951 1721 1177 1807 quotiescunque

265 1819 314 1875 mc
341 1811 460 1894 petisti,
493 1827 550 1891 per
579 1828 628 1871 me
658 1809 712 1871 tibi
736 1808 854 1885 obstiti3
901 1827 1080 1892 quamquam
1103 1809 1177 1872 uide-

264 1895 351 1972 bam,
386 1894 553 1977 perniciem
585 1909 682 1955 meam
711 1910 778 1954 cum
806 1910 919 1976 magna
949 1893 1117 1956 calamitate
1140 1888 1177 1952 rei

110 2029 112 2038 ,
265 1978 394 2061 publicar
427 1995 497 2040 esse
530 1977 730 2039 coniunctam.
781 1975 868 2038 Nunc
900 1978 959 2038 iam
990 1984 1095 2058 aperte
1124 1991 1177 2036 rem

132 2061 135 2076 '
219 2091 255 2142 la
266 2061 417 2144 publicam
445 2061 617 2123 universam
645 2062 739 2142 petis3
781 2061 893 2142 templa
917 2060 1043 2123 deorum
1065 2062 1177 2123 immor-

265 2145 386 2222 talium,
418 2150 499 2206 teeta
521 2143 623 2223 urbis,
654 2144 743 2206 vitam
766 2145 897 2207 omnium
921 2145 1050 2222 civium,
1079 2143 1177 2206 italiam

264 2227 398 2310 denique
431 2232 523 2289 totam
558 2227 596 2290 ad
628 2229 752 2290 exitium
790 2227 851 2289 nc³
891 2229 1060 2292 vastitatem
1088 2241 1178 2290 uocas.

265 2311 378 2388 Quare,
401 2312 543 2393 quoniam
565 2310 605 2389 id,
628 2311 708 2394 quod
729 2316 776 2374 est
795 2311 923 2391 primum
945 2317 974 2372 et
998 2312 1102 2392 quod*
1127 2310 1177 2396 bug

257 2396 313 2474 xius
335 2395 453 2478 imperii
477 2395 704 2477 disciplineque
719 2397 866 2458 maiorum
883 2396 1039 2476 proprium
1059 2401 1113 2471 est,
1136 2391 1177 2454 ia-

173 2501 175 2504 ·
264 2495 337 2542 cere
359 2479 491 2542 nondum
514 2479 623 2557 audeo,
644 2476 816 2552 saciam'id
838 2479 920 2560 quod
944 2484 989 2547 est
1011 2479 1049 2541 ad
1069 2475 1176 2542 severi-

263 2569 355 2628 tatem
373 2563 471 2626 lenius
488 2563 543 2624 et⁶
567 2561 603 2624 ad
622 2579 810 2625 communem
828 2563 956 2624 salutem
973 2561 1085 2625 utilius.
1114 2557 1176 2623 Nam

262 2649 290 2712 si
311 2653 341 2709 te
364 2645 491 2708 intertici
511 2647 642 2722 iussero,
663 2645 809 2708 residebit
829 2646 861 2707 in
883 2645 1055 2727 republica
1073 2645 1176 2723 reliqua

263 2731 489 2794 coniuratorum
525 2748 647 2805 manus3
695 2732 741 2792 sin
774 2735 805 2791 tu
837 2729 931 2810 (quod
960 2735 990 2790 te
1020 2727 1175 2792 iamdudum

262 2813 380 2894 hortor)
403 2813 535 2891 exieris,
570 2813 765 2876 exhaurietur
787 2829 826 2874 ex
847 2811 923 2874 urbe
947 2819 1066 2875 tuorum
1091 2809 1176 2873 comi-

218 2905 326 2978 „tum
348 2915 457 2979 magna
484 2902 514 2959 at
533 2898 706 2978 perniciosa
727 2897 846 2958 sentina
861 2897 908 2958 rei
928 2896 1066 2978 publicae.
1109 2889 1175 2968 Ouid

263 2987 320 3060 est,
343 2980 497 3043 Catilina?
525 2976 602 3043 Num
626 2979 750 3042 dubitas
764 2979 796 3042 id
817 2996 866 3044 me
887 2981 1054 3062 imperante
1075 2979 1175 3050 lacere,

262 3065 344 3148 quod
368 3068 426 3128 iam
447 3074 496 3130 tua
518 3074 627 3149 sponte
650 3065 813 3138 faciebas?
852 3064 944 3127 Exire
974 3083 1012 3126 ex
1041 3065 1114 3127 urbe
1133 3061 1176 3122 iu-

262 3151 313 3213 bet
335 3150 442 3212 consul
465 3151 592 3214 bostem.
647 3150 820 3232 Interrogas
851 3165 916 3224 me,
956 3166 1027 3210 num
1048 3149 1079 3210 in
1101 3143 1174 3208 exsi-

262 3232 380 3298 lium‘i
408 3232 476 3297 Non
498 3236 608 3314 iubeo,
644 3233 717 3314 sed,
750 3235 776 3296 si
801 3250 849 3294 me
872 3232 1027 3310 consulis,
1060 3228 1173 3294 suadeo.

174 3325 200 3398 6
258 3316 344 3394 'Quid
367 3322 414 3379 cst
435 3319 533 3395 enim,
567 3315 714 3396 Catilina,
746 3316 828 3398 quod
851 3315 960 3378 teiam
981 3316 1013 3376 in
1034 3314 1090 3376 hac
1110 3309 1173 3374 urbe

262 3400 414 3465 delectare
453 3401 577 3484 possit?
623 3402 654 3464 in
689 3419 748 3482 qua
778 3416 868 3462 nemo
902 3404 949 3462 est
983 3404 1067 3461 extra
1098 3397 1173 3458 istam

262 3484 501 3548 coniurationem
536 3484 723 3568 perditorum
757 3483 928 3560 hominum,
975 3483 1027 3564 qui
1058 3490 1088 3544 te
1121 3491 1172 3540 non

262 3573 392 3646 metuat,
426 3586 537 3648 nemo,
569 3569 620 3652 qui
643 3585 706 3630 non
729 3567 836 3631 oderit.
890 3566 964 3639 Quae
986 3572 1057 3629 nota
1077 3564 1171 3627 dome-

299 3761 309 3794 ¹
332 3759 420 3828 gratia·
432 3769 490 3828 post
511 3759 633 3813 habenda
652 3767 693 3810 est
709 3743 821 3824 ponito‘r.
869 3756 917 3810 ἰ.
940 3759 993 3810 nei.
1013 3773 1070 3810 con.
1115 3750 1168 3801 ¹⁰⁸·

295 3830 310 3862 ⁴
328 3827 400 3884 coda
419 3830 509 3896 -id,
529 3831 600 3898 quod
619 3832 732 3898 primum
754 3836 842 3894 atque.
880 3827 891 3858 ⁵
912 3845 959 3881 cm.
978 3836 1013 3878 et.
