2490 4316
223 193 530 294 'eurnreercn
554 189 801 278 s'ucuunn.¹
924 227 980 280 auc

42 400 116 458 tres
135 391 287 458 exercitus
316 388 426 478 populi
443 393 570 482 Romani
591 391 785 470 biterleotos5
826 391 981 458 interfecit
1039 395 1040 400 ’

43 478 212 542 Antonius.
257 476 444 542 Desideratis
467 477 652 540 clarissimos
676 477 758 540 cives
765 495 775 553 ;
818 493 873 538 eos
896 495 978 560 quo·
1134 482 1144 499 ⁸

43 579 112 644 que
133 561 220 623 vobis
243 553 534 644 eripuitAnt‘onius.
581 559 754 624 Auctoritas
776 559 866 622 buius
890 561 977 624 ordi-

43 646 98 708 nis
121 643 232 708 aillicta
255 652 320 720 est3
363 644 469 708 afflixit
493 643 652 707 Antonius.
699 642 806 707 Omnia
835 644 977 726 denique,

43 745 118 811 que
139 735 247 810 postea
263 729 390 796 vidimus
405 728 491 810 (quid
512 733 609 790 auum
623 727 692 790 mali
714 744 775 790 non
798 727 978 804 uidimus‘l),

43 813 75 874 si
99 818 183 876 recte
203 812 467 888 ratiocinabimur,
496 811 550 886 uni
571 817 694 891 accepta
719 809 887 872 referemus
908 812 978 874 An-

43 895 144 958 tonio.
179 890 218 957 Ut
238 895 354 959 llelona
378 895 527 971 Troianis,
549 895 597 956 sic
618 895 675 958 iste
697 894 768 957 huic
785 896 830 956 rei
849 895 979 976 publice

44 996 144 1042 causa
168 977 252 1056 belli,
284 997 375 1041 causa
394 980 491 1062 pestis
513 985 603 1059 atque
625 978 709 1040 exitii
732 977 796 1039 luit.
842 977 978 1059 Reliquae

43 1069 153 1144 partes
176 1062 345 1126 tribunatus
375 1061 534 1144 principiis
562 1062 708 1144 similes.¹
735 1059 842 1123 Omnia
870 1061 977 1143 perse-

44 1147 99 1222 cit,
123 1162 200 1226 ‚quae
222 1151 359 1223 senatus,
381 1146 465 1210 salva
486 1163 522 1207 re
545 1145 665 1227 publica
690 1162 729 1207 ne
754 1142 819 1206 beri
840 1151 978 1227 possent,

42 1226 231 1312 perfecerat.
279 1227 373 1292 Cuius
404 1235 505 1292 tamen
533 1229 635 1290 scelus
658 1227 689 1290 in
714 1227 833 1290 scelere
856 1245 977 1311 cogno-

44 1313 138 1376 scite.
181 1309 368 1374 Restituebat
388 1312 498 1376 multos
519 1311 729 1387 calamitosos;
755 1312 789 1374 in
811 1311 858 1374 bis
880 1311 1024 1394 patruiec
1041 1305 1090 1379 23

6 1407 12 1416 ’
43 1395 134 1459 nulla
154 1396 278 1458 mentio.
324 1393 357 1460 Si
381 1411 528 1471 severius,
563 1413 618 1457 cur
638 1412 699 1456 non
723 1395 754 1460 in
776 1396 907 1460 omnes?
951 1396 979 1460 si

44 1475 245 1556 misericors,
280 1495 335 1542 cur
362 1497 424 1544 non
448 1480 480 1542 in
501 1478 598 1543 suos?
636 1477 697 1542 Sed
721 1478 824 1542 omitto
849 1485 979 1542 ceteros.

45 1561 199 1626 Licinium
223 1561 426 1639 Lenticulam,
455 1562 494 1624 de
515 1562 582 1624 alea
607 1561 853 1638 condemnatum,
877 1563 980 1626 collu-

46 1661 154 1708 sorem
175 1662 273 1722 suunr,
295 1646 446 1722 restituit3
480 1645 661 1726 quasivero
684 1644 798 1732 ludere!
811 1662 878 1708 cunr
901 1664 979 1708 oon-

46 1729 191 1792 demnato
212 1746 275 1792 non
296 1729 419 1806 liceret;
450 1729 506 1792 sed
522 1733 565 1804 ut,
586 1727 668 1808 quod
690 1728 722 1790 ib
745 1728 811 1790 alea
833 1729 979 1809 perdide-

46 1819 112 1890 rat,
143 1810 294 1876 beneficio
322 1813 401 1895 legis
426 1812 616 1875 dissolveret.
665 1810 759 1884 Quam
782 1813 904 1876 attulisti
925 1826 982 1874 ra-

46 1897 165 1959 tionem
184 1895 298 1978 populo
317 1894 471 1972 bernano,
495 1912 550 1958 eur
571 1913 640 1956 eum
661 1895 778 1958 restitui
800 1894 984 1977 oporteret?
1029 1901 1032 1910 '

46 1980 236 2053 Absentem,
273 1978 383 2056 credo,
422 1979 453 2042 in
482 1994 554 2041 reos
583 1978 710 2040 relatum
718 1997 727 2054 3
774 1995 838 2040 rem
867 1980 980 2044 indicta

47 2081 145 2126 caasa
166 2061 343 2138 iudicatam
391 2061 506 2126 nullum
534 2060 632 2136 luisse
657 2061 695 2123 de
717 2060 784 2124 alea
806 2062 876 2146 lege
896 2063 980 2126 iudi·
1085 2129 1090 2136 ,

47 2148 149 2221 cium3
188 2145 218 2209 vi
243 2161 423 2226 oppressum
447 2151 478 2208 et
499 2145 607 2222 armis3
649 2150 814 2226 postremo,
837 2146 917 2227 quod
941 2146 980 2210 dc

47 2237 159 2312 patruo
184 2235 236 2291 tuo
266 2228 436 2305 dicebatur,
475 2229 606 2312 pecunia
636 2227 780 2292 iudicium
806 2246 876 2292 esse
907 2247 981 2292 cor-

48 2319 182 2396 ruptum.
227 2310 310 2374 Nihil
332 2311 449 2374 horum.
494 2311 536 2374 nt
565 2311 732 2378 virbonus
754 2317 784 2376 et
804 2331 839 2374 re
859 2314 982 2394 publica

49 2397 174 2480 dignus.
208 2393 288 2457 Nihil
311 2394 342 2457 id
365 2395 487 2476 quidem
509 2394 546 2462 ad
568 2412 651 2468 rem;
686 2413 746 2478 ego
766 2401 875 2471 tamen,
900 2413 981 2476 quo-

49 2483 135 2544 niam
155 2478 384 2540 condemnatum
406 2496 478 2542 esse
498 2495 555 2560 pro
578 2478 673 2541 nibilo
698 2484 752 2553 est,
775 2479 802 2540 si
824 2479 866 2541 ita
887 2487 980 2556 esset,

50 2564 265 2647 ignoscerem
308 2561 461 2625 hominem
495 2562 627 2626 omnium
656 2563 891 2642 nequissimum,-
927 2565 991 2643 qui,

49 2665 113 2710 non
136 2643 287 2708 dubitaret
306 2645 365 2708 vel‘
380 2646 412 2710 in
436 2644 506 2708 loro
535 2644 602 2708 alea
630 2645 754 2722 ludere,
789 2645 877 2728 lege,
914 2664 982 2726 quae

50 2736 97 2794 est
120 2727 161 2792 de
182 2728 257 2805 alea,
282 2729 520 2804 condemnatum,
543 2729 594 2811 qui
617 2729 648 2791 in
670 2731 819 2812 integrum
841 2731 981 2806 restituit,

50 2812 77 2876 is
109 2829 174 2876 non
204 2813 394 2893 apertissime
423 2811 555 2876 studium
586 2829 673 2875 suum
703 2813 771 2894 ipse
799 2812 980 2893 profitetur?

50 2895 83 2958 ln
107 2894 218 2960 ecdem
237 2911 313 2958 vero
334 2895 494 2970 bituriam,
518 2913 608 2976 quum
631 2895 734 2958 Cesar
755 2895 785 2958 in
807 2895 980 2978 Hispaniam
991 2915 1027 2964 er

50 2977 249 3061 proficiscens
279 2979 352 3042 huic
381 2978 617 3043 conculcandam
649 2978 763 3042 ltaliam
798 2979 981 3057 tradidisset,

52 3079 119 3144 que
141 3057 198 3126 suit
221 3062 288 3126 eius
310 3063 485 3145 peragratio
512 3061 677 3124 itinerum?
720 3061 856 3125 lustratio
878 3065 981 3148 muni·
1108 3135 1113 3144 ,

53 3143 229 3228 cipiorurn?
275 3143 345 3209 Seio
374 3163 423 3208 me
453 3146 484 3209 in
512 3143 605 3208 rebus
637 3144 882 3210 celebratissimis
911 3165 981 3210 om-

53 3231 136 3293 nium
157 3245 300 3293 sermone
321 3228 450 3306 versari,
473 3246 579 3310 eaque,
604 3245 671 3309 quae
695 3227 763 3292 dico
786 3230 984 3312 dicturusque

52 3329 139 3390 sum,
168 3313 289 3376 notiora
312 3312 450 3376 omuibus
473 3329 561 3385 esse,
594 3313 646 3394 qui
669 3311 700 3373 in
721 3312 806 3376 ltalia
826 3319 887 3376 turn
909 3313 982 3376 lue-

52 3401 140 3471 runt,
162 3413 252 3478 quam
274 3395 364 3472 mihi,
394 3395 446 3477 qui
469 3412 531 3458 non
553 3394 608 3458 fui.
641 3394 768 3460 ·Notabo
791 3401 890 3460 tamen
913 3398 983 3460 sin-

96 3479 142 3542 lus
162 3497 234 3556 res;
256 3479 314 3544 etsi
335 3478 420 3542 nullo
439 3477 531 3542 modo
549 3477 661 3560 poterit
682 3479 781 3542 oratio
802 3495 869 3542 rnea
890 3480 983 3544 satis-

53 3497 158 3626 ffcere
184 3567 294 3626 vesbae
325 3562 469 3628 scientie.
521 3562 640 3626 Etenim
667 3561 749 3645 quod
776 3579 917 3644 umquam
949 3564 982 3628 in
1024 3601 1031 3614 ι

53 3645 143 3710 terris
164 3651 278 3710 tantum
301 3644 449 3730 flagitium
473 3646 626 3712 exstitisse
649 3645 781 3708 anditum
803 3645 876 3708 est?
911 3653 982 3710 tau-

54 3729 374 3811 tamturpitudinem?
417 3733 528 3794 tantum
553 3725 712 3794 dedecus?
754 3727 928 3797 venenatur
949 3731 1028 3800 inte
1045 3730 1094 3802 24
1201 3799 1203 3804 ,

56 3812 172 3918 essedo
190 3812 327 3898 tribunus
356 3811 456 3896 plebis
463 3831 472 3891 ;
517 3812 639 3878 lictores
667 3812 793 3890 laureati
815 3814 980 3879 antecede-
