2546 4310
233 197 252 245 o
580 191 819 250 ORATlO

236 370 303 444 est,
334 367 434 428 nmen
456 359 540 446 [ἰιι]ι
574 366 654 428 unta
670 349 828 428 'felicitate
848 381 939 429 nemo
959 369 1062 447 potest
1088 375 1188 447 esse,

235 450 269 514 io
319 465 399 531 agna
421 443 540 512 familia
561 447 613 528 qui
633 448 785 512 nerninem
807 466 908 530 nequo
924 466 1045 514 servum
1066 467 1190 533 neque

190 465 378 602 aslihe'aum
398 528 569 615 improbum
594 529 710 594 haheat
756 531 875 608 Interea
894 533 962 595 iste'
975 533 1007 596 t.
1026 532 1189 614 Roscius,

238 619 285 682 vir
308 617 451 698 optimus,
471 617 652 696 procurator
674 612 878 699 Chrysogoni,
898 617 1051 678 Ameriam
1065 618 1188 695 venit;

236 701 270 765 in
290 697 404 783 predia
430 697 521 764 huius
541 696 672 774 invadit3
712 699 792 762 hunc
814 699 966 777 miserum,
987 699 1069 764 luctu
1095 719 1189 782 per-

237 785 342 861 ditum
362 781 415 864 qui
438 777 570 846 nondum
593 781 683 844 etiam
706 783 806 844 omniu
826 788 953 864 patemo
967 782 1066 846 funeri
1092 785 1187 848 iusta

237 866 397 945 solvisset,
441 863 554 929 nudum
589 864 672 928 eiicit
705 865 795 928 domo
833 872 922 948 utque
951 864 1030 930 iocis
1059 869 1186 947 patriis

238 951 360 1033 diisque
394 949 555 1033 penatibus
589 948 789 1031 precipitem,
834 949 968 1027 iudices,
1009 950 1184 1046 exturbat3

237 1035 675 1199 ttttttlttthttttlt
695 1030 933 1194 filll‘ssmlluli,
958 1031 1185 1182 lantso

238 1202 348 1266 aliena.
394 1199 487 1263 ldulta
507 1199 606 1280 palum
633 1197 860 1262 domumsuam
884 1197 1048 1276 auferebat,
1077 1200 1184 1281 plura

239 1284 317 1348 elam
341 1283 380 1348 de
401 1284 502 1347 modio
523 1282 708 1361 removebat,
729 1299 791 1345 non
811 1300 910 1364 pauca
930 1283 994 1346 suis
1016 1281 1184 1346 adiutori-

239 1368 297 1432 hus
328 1367 416 1451 large
446 1365 604 1447 cllhseque
633 1364 782 1444 donabat,
804 1365 963 1447 reliqua,
1006 1367 1182 1430 constituta

151 1445 393 1530 9a4auctione,
413 1448 569 1515 vendebat
618 1446 706 1521 Quod
723 1448 877 1512 Amerinis
899 1466 997 1531 usque
1012 1450 1181 1517 annisum

240 1541 287 1602 est
309 1535 482 1619 indignum,
510 1531 639 1596 utnrhe
664 1538 727 1594 totu
746 1531 838 1595 lletus
856 1533 1048 1615 gemitusque
1071 1529 1180 1596 lieret.

239 1619 356 1683 Etenim
377 1619 469 1681 multa
490 1615 580 1680 simul
603 1620 673 1677 ante
693 1615 801 1678 oculos
822 1615 1038 1679 versabantur:
1085 1633 1180 1680 mors

144 1741 146 1750 ·
239 1701 371 1766 hominis
408 1699 634 1775 florentissimi,
680 1696 752 1762 Sex.
784 1697 908 1779 Roscii,
949 1697 1179 1779 crudelissima,

203 1794 207 1800 '
240 1783 294 1848 lilii
316 1791 415 1848 auum
437 1783 503 1845 cius
522 1786 643 1863 egestus
664 1781 910 1863 indignissima,.
937 1782 987 1846 cui
1016 1782 1054 1844 de
1084 1786 1179 1846 tanto

239 1869 421 1953 patrimonio
452 1863 555 1946 praedo
589 1863 648 1926 iste
678 1863 813 1928 nefarius
840 1883 880 1927 ne
904 1865 963 1928 iter
986 1864 1109 1946 quidem
1135 1865 1180 1928 ad

240 1951 414 2033 sepulcrum
434 1949 564 2032 patrium
583 1946 775 2029 reliquisset,
805 1948 955 2012 honorum
979 1948 1089 2030 emptio
1113 1948 1179 2012 tla-

209 2094 211 2106 ,
240 2035 361 2119 gitiosu,
384 2029 578 2115 possessioi,
603 2029 694 2109 turta,
716 2033 840 2112 rapine,
866 2031 1057 2096 donationes.
1105 2031 1178 2097 Ne-

240 2134 296 2181 mo
313 2123 389 2193 crat,
461 2115 472 2178 i
492 2129 554 2177 non
575 2114 683 2178 ardere
705 2114 757 2176 illu
779 2115 904 2178 ιιιιιιιίιι8
936 2114 1051 2193 mallet,
1080 2131 1176 2195 quam

241 2200 348 2265 videre
367 2199 399 2262 in
444 2217 491 2262 ex.
506 2195 620 2276 Roscii,
643 2198 702 2260 viri
722 2198 828 2279 optimi
849 2203 938 2344 atgue
954 2198 1175 2278 honestissimi,

195 2283 331 2348 esbonis
353 2283 511 2345 iactantem
532 2297 568 2344 se
590 2299 626 2344 uc
649 2279 850 2344 dominantem
899 2280 1075 2346 .Roscium.
1107 2281 1175 2346 Ita-

242 2383 303 2450 que
338 2367 534 2431 decurionum
569 2363 723 2427 decretum
756 2365 854 2430 statim
888 2363 936 2443 dt,
989 2371 1022 2430 ut
1065 2363 1176 2430 decem

242 2450 333 2533 primi
364 2449 595 2533 proficiscantur
627 2447 719 2510 adh.
745 2447 858 2527 Sullam
880 2448 1070 2530 doceantque
1092 2467 1174 2529 enm,

243 2533 296 2618 qui
316 2533 365 2599 vir
383 2533 453 2599 Sex.
475 2532 605 2596 Roscius
632 2530 741 2607 fuerit3
786 2538 1010 2615 conquerantur
1032 2531 1070 2596 de
1092 2533 1172 2597 isto-
1270 2561 1271 2564 ¹

241 2635 308 2681 rum
330 2618 448 2682 scelere
470 2623 502 2681 ot
522 2615 659 2690 iniuriis3
701 2621 807 2693 orent,
840 2623 875 2679 ut
903 2622 934 2679 et
957 2615 1040 2678 illius
1060 2617 1181 2680 mortui·

177 2705 180 2708 '
241 2700 351 2764 lamam
375 2707 406 2764 et
429 2700 484 2763 tilii
506 2699 676 2762 innocentis
699 2697 836 2762 tornines
864 2706 1059 2764 conservatas
1087 2701 1172 2764 velit

242 2783 345 2866 Atque
375 2784 473 2930 ipsum
489 2851 491 2858 ,
505 2783 677 2860 decretum,
707 2799 830 2863 quaeso,
858 2783 1047 2865 cognoscite.
1104 2783 1173 2846 Dc-

243 2875 357 2930 crctnm
401 2867 582 2930 concionum.
637 2865 742 2949 Legati
764 2866 796 2930 in
818 2872 916 2930 castra
939 2867 1072 2933 veniunt
1118 2865 1173 2930 ln-

243 2951 403 3034 tclligitur,
440 2950 567 3026 iudices,
603 2949 644 3029 id,
677 2948 759 3030 quod
779 2950 838 3012 iam
857 2957 926 3012 unte
948 2949 1021 3027 dixi,
1054 2951 1175 3096 imsspm‘

243 3033 333 3098 dente
361 3034 396 3096 L.
417 3032 500 3098 Sulla
528 3033 647 3098 scelera
675 3032 741 3096 haec
770 3039 799 3095 et
827 3033 941 3116 flagitia
974 3031 1050 3097 lieri.
1083 3071 1085 3080 =
1123 3052 1174 3098 am
1269 3047 1270 3056 ¹

243 3118 342 3182 statim
366 3115 584 3200 Chrysogonus
606 3117 723 3199 etipse
753 3117 791 3180 ad
818 3133 874 3180 eos
890 3116 1023 3179 'accedit
1050 3123 1081 3179 et
1110 3117 1174 3179 ho-

244 3203 340 3266 mines
366 3199 483 3264 nobiles
507 3201 617 3283 allegat
638 3201 687 3278 iis,
718 3201 770 3281 qui
792 3204 939 3283 peterent,
972 3201 1071 3266 need
1093 3199 1174 3264 Sul-

245 3286 305 3349 lam
326 3287 462 3364 adirent,
495 3289 525 3347 et
546 3285 646 3347 omnia
671 3283 924 3368 Chrysogonum,
959 3302 1026 3365 quac
1049 3284 1174 3362 pellent,

199 3372 316 3433 ttesse
350 3369 500 3432 iacturum
534 3368 761 3449 pollicerentur.
824 3367 926 3450 Usque
962 3367 1038 3430 adeo
1071 3373 1173 3432 autem

197 3515 200 3534 ¹
243 3453 297 3516 ille
320 3453 535 3536 pertimuerat,
567 3457 601 3513 ut
623 3452 700 3514 mori
720 3451 839 3528 mallet,
874 3469 964 3534 quam
986 3450 1024 3513 de
1047 3450 1095 3514 his
1116 3469 1174 3514 rc-

243 3535 301 3600 hus
322 3535 434 3600 Sullam
451 3533 565 3597 doceri.
610 3535 753 3598 Homines
770 3535 894 3616 antiqui,
917 3535 968 3616 qui
980 3549 1023 3597 'ex
1041 3553 1097 3598 suo
1111 3553 1174 3603 na-

244 3625 310 3682 tura
323 3621 443 3683 ceteros
458 3616 617 3704 lingerent,
632 3637 724 3702 quum
734 3613 785 3682 ille
802 3603 1003 3698 confirmaret,
1019 3621 1173 3696 sese'no-

282 3744 293 3778 ¹
314 3746 340 3796 in
358 3746 414 3796 aim
429 3745 512 3797 uncio
569 3743 583 3776 ²
603 3761 618 3796 e
635 3744 710 3797 codd.
725 3744 837 3810 fortasse
853 3746 967 3798 mettas
986 3753 1013 3798 et
1029 3755 1088 3798 cett.
1107 3747 1171 3800 edd.

279 3841 315 3854 ·-
333 3813 472 3883 flagitiosa,
491 3811 621 3882 flagitiosa
639 3816 782 3883 possessio.
844 3815 856 3848 ⁸
879 3817 973 3896 mdccc
992 3818 1086 3872 omnia.
