2468 4318
321 157 746 228 INLCA‘HLINAM.
870 246 872 255 ,
948 169 1000 221 na
1071 197 1075 213 .

45 349 118 398 num
143 330 463 411 nominenominee
484 328 617 415 denique
639 337 776 410 etatum3
827 333 929 398 lenum
950 341 997 402 erl

44 417 168 496 lorum,
202 408 304 499 plena'
333 419 445 508 templa
468 415 605 480 circum¹
634 415 752 495 summ,
786 351 869 500 pfeni
891 436 997 483 omnes

42 500 144 566 aditus
169 500 272 565 huius
296 501 399 584 templi
420 507 452 565 et
472 499 567 565 loci¹.
609 500 709 564 Causa
731 507 779 566 est
796 501 904 564 enim¹
923 509 996 585 post

43 585 153 648 urbem
184 583 350 652 conditam
378 585 444 650 hec
474 586 596 648 inventa
623 585 708 663 sola,
740 585 773 647 in
799 602 858 668 qua
888 603 995 652 omnes

41 668 199 732 sentirent
223 681 325 732 unum
348 675 440 752 atque
462 669 560 746 idem,
583 674 694 751 preter
715 686 788 746 eos,
811 669 994 753 qni,quu1n
1117 679 1120 686 '

41 751 102 816 sibi
123 752 281 815 riderent
301 763 372 814 esse
394 751 603 834 pereundum,
639 771 707 816 cum
730 753 869 816 omnibus
891 755 994 836 potius

41 853 132 915 quam
169 836 240 899 soli
274 836 379 917 perire
406 837 575 918 voluerunt.
630 835 732 899 llosce
763 854 823 918 ego
853 836 1039 906 hominene

42 919 168 1000 excipio
196 926 233 982 ct
258 935 389 984 secerno
411 919 560 998 lubenter,
585 937 625 982 ne
666 918 761 982 ein⁴
783 921 992 1003 improborum

42 1002 167 1080 civium,
203 1003 322 1067 sedin
346 1003 610 1068 acerbissimorum
654 1004 763 1066 ostium
786 1020 914 1067 numero
932 1004 992 1068 lra-
1051 1069 1053 1080 ,

41 1083 161 1148 bendos
183 1093 278 1169 puto.
326 1085 429 1150 Ceteri
450 1105 535 1162 vero,
558 1086 601 1148 dii
617 1085 818 1150 immortales!
843 1102 902 1170 qua
923 1087 991 1150 fre-

41 1170 179 1248 quentia,
205 1187 276 1252 quo
296 1170 408 1249 studio,
430 1189 491 1253 qua
508 1171 618 1233 virtute
639 1171 677 1236 ad
698 1187 886 1238 communem
903 1171 990 1236 salu-

41 1256 99 1314 tem
117 1251 370 1337 dignitatemque
381 1253 399 1304 1
417 1253 625 1318 consentiuntl
651 1253 730 1328 Quid
747 1272 808 1340 ego
827 1253 877 1317 hic
898 1255 991 1337 cqui-
1068 1265 1071 1270 '

43 1339 88 1396 tes
107 1330 277 1400 Romanos
300 1335 562 1400 commemorem?
591 1338 642 1420 qui
666 1339 755 1401 vobis
779 1339 819 1400 ita
841 1354 990 1403 summam

42 1418 160 1482 ordinis
186 1419 379 1502 consiliique
401 1421 580 1498 concedunt,
602 1427 636 1484 ut
654 1421 811 1486 vobiscum
829 1421 868 1484 de
885 1439 990 1484 amore

43 1501 87 1564 rei
117 1503 263 1584 publicat
292 1509 428 1579 certent;
466 1521 544 1586 quos
575 1522 616 1566 ex
648 1504 809 1567 multorum
840 1522 989 1568 annorum

43 1583 247 1650 dissensione
280 1587 369 1650 liuius
401 1587 518 1651 ordinis
547 1587 586 1650 sd
617 1586 819 1650 societatem⁶
852 1604 988 1650 concor-

44 1667 185 1751 diamque
222 1677 388 1734 revocatos
420 1670 586 1734 hodiernus
617 1670 683 1734 dies
711 1670 867 1734 vobiscum
896 1673 989 1752 atquc

44 1747 106 1813 lieo
127 1771 229 1817 eausa
255 1755 432 1838 coniungit3
472 1754 609 1838 quamsi
630 1751 918 1832 coniunctionem,
952 1754 985 1818 iri

44 1837 207 1918 consulatu
234 1836 439 1902 confirmatam
462 1856 543 1916 meo,
561 1844 737 1921 perpetuam
759 1838 790 1900 in
813 1836 986 1920 republica

47 1921 260 1999 tenuerimus,
286 1920 431 1984 confirmo
455 1922 563 1997 vobis,
587 1922 703 1985 nullum
724 1919 853 2004 posthac
875 1921 986 1984 malum

45 1999 133 2068 civile
156 2021 195 2067 ac
220 2004 422 2069 domesticum
452 2006 491 2070 ad
514 2005 606 2069 ullam
635 2005 681 2068 rei
710 2004 840 2088 publice
869 2009 986 2086 partem

47 2099 114 2146 esse
134 2093 311 2152 venturum.
353 2088 422 2152 Pari
446 2089 546 2155 studio
568 2088 766 2154 defendendae
787 2087 834 2150 rei
855 2087 985 2170 publice

45 2170 232 2236 convenisse
254 2171 345 2234 video
367 2172 505 2236 tribunos
524 2177 661 2250 erarios,
679 2171 867 2236 'fortissimos
882 2172 984 2248 viros;

47 2251 161 2317 scribas
185 2255 264 2318 item
285 2255 468 2334 universos,
503 2273 581 2338 quos
612 2274 703 2338 quum
737 2274 811 2320 casu
837 2255 888 2318 hic
917 2255 985 2320 dies

10 2365 13 2370 ·
48 2331 83 2394 ad
111 2339 259 2414 erarium
290 2337 529 2421 frequentasset,
565 2339 656 2402 video
687 2338 725 2402 ab
756 2338 984 2421 exspectatione

48 2419 136 2482 sortis
159 2421 200 2485 ad
215 2421 345 2488 salutem
363 2423 579 2488 communem⁸
599 2440 670 2486 esse
686 2439 862 2490 conversos.
905 2420 983 2483 Om-

49 2499 93 2560 nis
109 2502 317 2588 ingenuorum
334 2505 421 2570 adest
432 2506 601 2584 multitudo,
620 2507 709 2569 etiam
727 2504 981 2568 tenuissimorum.

50 2578 119 2652 Quis
143 2597 194 2652 est
216 2590 309 2667 enim,
334 2589 383 2654 cui
404 2609 466 2654 non
484 2589 549 2653 haec
566 2589 687 2672 templa,
710 2588 870 2671 adspectus
885 2588 1028 2668 urbis,1o

49 2672 204 2742 possessio
231 2672 398 2752 libertatis,
435 2675 488 2737 lux
517 2673 648 2756 denique
675 2672 741 2736 hec
768 2674 837 2755 ipsa
869 2678 899 2734 et
921 2671 982 2735 hoc

50 2763 205 2820 commune
226 2757 333 2839 patrie
353 2757 452 2820 solum
474 2775 566 2840 quum
590 2758 631 2821 sit
656 2775 778 2836 carum,
811 2763 873 2820 tum
905 2772 980 2819 vero

50 2828 133 2896 dulce
153 2845 247 2922 atque
268 2840 457 2904 iucundum?
498 2839 608 2923 Opere
630 2841 760 2923 pretium
786 2847 844 2919 est,
858 2853 860 2860 ’
876 2847 979 2922 patres
1041 2832 1067 2902 8

51 2923 223 3012 conscripti,
244 2923 455 2988 libertinorum
477 2924 631 2988 hominum
655 2922 755 2988 studia
777 2941 979 3006 cognoscere,

51 3013 116 3076 (1¹¹¹,
152 3023 210 3070 sua
240 3008 351 3071 virtute
371 3007 524 3071 fortunam
547 3008 637 3071 huius
659 3007 787 3070 civitatis
810 3007 978 3084 consecuti,

52 3094 118 3145 uere
140 3087 245 3154 hanc⁹
267 3108 352 3154 suam
374 3093 502 3174 patriam
524 3109 594 3154 esse
615 3091 766 3169 iudicant,
780 3094 782 3099 ’
796 3109 885 3173 quam
906 3091 977 3172 qui-

52 3158 114 3227 dam
142 3170 194 3236 hic
206 3175 235 3214 ¹⁰
267 3176 330 3237 nati
363 3183 395 3238 et
425 3192 543 3239 summo
573 3175 636 3238 nati
665 3174 735 3237 loeo
759 3192 821 3237 non
851 3176 977 3254 patriam

54 3259 148 3344 suam,
184 3257 239 3321 sed
268 3257 374 3322 urbem
398 3258 532 3325 hostium
556 3273 626 3321 esse
650 3258 869 3321 iudicaverunt.
917 3255 978 3320 Sed

54 3333 118 3406 (111111
138 3355 198 3423 ego
227 3342 322 3406 hosce
345 3342 485 3406 homines
509 3343 695 3426 ordinesque
717 3356 923 3404 commemoro
937 3339 977 3418 ¹¹,

56 3435 276 3464 Ἢ

89 3480 97 3512 ¹
115 3493 184 3569 111ἆά
200 3521 234 3534 —
253 3501 330 3550 circe.
373 3496 478 3550 'codd
496 3525 532 3536 —
552 3497 605 3551 loci
625 3515 656 3551 ae
675 3497 775 3564 templi.
820 3493 921 3546 'codd
940 3520 976 3531 —

86 3569 151 3613 euim
169 3576 217 3619 est.
253 3566 356 3619 ⁴ecdd.
375 3596 407 3604 -
426 3583 514 3638 neque
534 3571 658 3621 enimin.
698 3567 710 3597 ¹
729 3568 881 3632 dignitatem
898 3563 974 3618 salu·

85 3631 194 3719 imque·
266 3633 371 3692 “codd
398 3663 433 3676 ··-
459 3641 626 3692 dissensione
651 3639 684 3691 ad
710 3637 787 3690 huius
807 3635 864 3688 ord.
882 3637 974 3688 societ.

88 3703 185 3790 'cona
205 3733 240 3746 -
266 3709 478 3764 coniunctionem
497 3710 528 3762 si.
584 3708 689 3760 8οοικὶ
706 3706 791 3759 -ad
812 3704 973 3758 eommosal.

114 3773 318 3836 eoda‚-.h1qq
338 3795 409 3836 vere.
470 3779 493 3812 ¹⁰
513 3779 584 3834 hinc.
643 3773 663 3809 ¹¹
687 3793 900 3832 commemorem.
