<?xml version="1.0" encoding="UTF-8"?>
<!DOCTYPE html PUBLIC "-//W3C//DTD XHTML 1.0 Transitional//EN"
    "http://www.w3.org/TR/xhtml1/DTD/xhtml1-transitional.dtd">
<html xmlns="http://www.w3.org/1999/xhtml" xml:lang="en" lang="en">
 <head>
  <title>
</title>
<meta http-equiv="Content-Type" content="text/html;charset=utf-8" />
  <meta name='ocr-system' content='tesseract 3.04.00' />
  <meta name='ocr-capabilities' content='ocr_page ocr_carea ocr_par ocr_line ocrx_word'/>
</head>
<body>
  <div class='ocr_page' id='page_1' title='image "./orationesselect00madvgoog/orationesselect00madvgoog_0136.png"; bbox 0 0 2468 4318; ppageno 0'>
   <div class='ocr_carea' id='block_1_1' title="bbox 294 258 958 342">
    <p class='ocr_par' dir='ltr' id='par_1_1' title="bbox 294 258 958 342">
     <span class='ocr_line' id='line_1_1' title="bbox 294 258 958 342; baseline 0 -26"><span class='ocrx_word' id='word_1_1' title='bbox 294 261 390 318; x_wconf 80' lang='lat' dir='ltr'><strong>rna.</strong></span> <span class='ocrx_word' id='word_1_2' title='bbox 410 258 691 324; x_wconf 79' lang='lat' dir='ltr'><strong>carruruau.</strong></span> <span class='ocrx_word' id='word_1_3' title='bbox 769 337 772 342; x_wconf 22' lang='grc' dir='ltr'>Ι</span> <span class='ocrx_word' id='word_1_4' title='bbox 922 265 958 316; x_wconf 79' lang='lat' dir='ltr'><strong>aa</strong></span> 
     </span>
    </p>
   </div>
   <div class='ocr_carea' id='block_1_2' title="bbox 45 431 1133 3610">
    <p class='ocr_par' dir='ltr' id='par_1_2' title="bbox 45 431 1133 2588">
     <span class='ocr_line' id='line_1_2' title="bbox 46 431 960 518; baseline 0 -20"><span class='ocrx_word' id='word_1_5' title='bbox 46 435 195 518; x_wconf 88' lang='lat' dir='ltr'><strong>crepuerit,</strong></span> <span class='ocrx_word' id='word_1_6' title='bbox 218 433 374 497; x_wconf 81' lang='lat' dir='ltr'><strong>Catilinam</strong></span> <span class='ocrx_word' id='word_1_7' title='bbox 397 434 507 513; x_wconf 91' lang='lat' dir='ltr'><strong>timeri,</strong></span> <span class='ocrx_word' id='word_1_8' title='bbox 528 431 643 497; x_wconf 94' lang='lat' dir='ltr'><strong>nullum</strong></span> <span class='ocrx_word' id='word_1_9' title='bbox 664 431 762 497; x_wconf 87' lang='lat' dir='ltr'><strong>videri</strong></span> <span class='ocrx_word' id='word_1_10' title='bbox 783 435 887 497; x_wconf 84' lang='lat' dir='ltr'><strong>contra</strong></span> <span class='ocrx_word' id='word_1_11' title='bbox 910 449 960 502; x_wconf 85' lang='lat' dir='ltr'><strong>me</strong></span> 
     </span>
     <span class='ocr_line' id='line_1_3' title="bbox 47 517 960 600; baseline -0.002 -18"><span class='ocrx_word' id='word_1_12' title='bbox 47 519 193 583; x_wconf 86' lang='lat' dir='ltr'><strong>consilium</strong></span> <span class='ocrx_word' id='word_1_13' title='bbox 216 519 286 580; x_wconf 88' lang='lat' dir='ltr'><strong>iniri</strong></span> <span class='ocrx_word' id='word_1_14' title='bbox 310 535 414 600; x_wconf 86' lang='lat' dir='ltr'><strong>posse,</strong></span> <span class='ocrx_word' id='word_1_15' title='bbox 436 518 517 599; x_wconf 84' lang='lat' dir='ltr'><strong>quod</strong></span> <span class='ocrx_word' id='word_1_16' title='bbox 540 537 557 580; x_wconf 90' lang='lat' dir='ltr'><strong>a</strong></span> <span class='ocrx_word' id='word_1_17' title='bbox 578 524 629 581; x_wconf 91' lang='lat' dir='ltr'><strong>tuo</strong></span> <span class='ocrx_word' id='word_1_18' title='bbox 653 518 772 582; x_wconf 88' lang='lat' dir='ltr'><strong>scelere</strong></span> <span class='ocrx_word' id='word_1_19' title='bbox 787 517 960 596; x_wconf 87' lang='lat' dir='ltr'><strong>abhorreat,</strong></span> 
     </span>
     <span class='ocr_line' id='line_1_4' title="bbox 45 599 961 682; baseline 0 -17"><span class='ocrx_word' id='word_1_20' title='bbox 45 609 163 665; x_wconf 85' lang='lat' dir='ltr'><strong>nonest</strong></span> <span class='ocrx_word' id='word_1_21' title='bbox 183 601 349 666; x_wconf 81' lang='lat' dir='ltr'><strong>serendum.</strong></span> <span class='ocrx_word' id='word_1_22' title='bbox 392 599 595 675; x_wconf 82' lang='lat' dir='ltr'><strong>Quamobrem</strong></span> <span class='ocrx_word' id='word_1_23' title='bbox 617 601 739 664; x_wconf 88' lang='lat' dir='ltr'><strong>discede</strong></span> <span class='ocrx_word' id='word_1_24' title='bbox 765 606 855 682; x_wconf 87' lang='lat' dir='ltr'><strong>atque</strong></span> <span class='ocrx_word' id='word_1_25' title='bbox 878 601 961 665; x_wconf 89' lang='lat' dir='ltr'><strong>bunc</strong></span> 
     </span>
     <span class='ocr_line' id='line_1_5' title="bbox 46 677 960 768; baseline 0 -20"><span class='ocrx_word' id='word_1_26' title='bbox 46 687 110 748; x_wconf 88' lang='lat' dir='ltr'><strong>mibi</strong></span> <span class='ocrx_word' id='word_1_27' title='bbox 127 688 261 748; x_wconf 87' lang='lat' dir='ltr'><strong>timorem</strong></span> <span class='ocrx_word' id='word_1_28' title='bbox 280 685 385 768; x_wconf 89' lang='lat' dir='ltr'><strong>eripe,</strong></span> <span class='ocrx_word' id='word_1_29' title='bbox 407 686 434 750; x_wconf 87' lang='lat' dir='ltr'><strong>si</strong></span> <span class='ocrx_word' id='word_1_30' title='bbox 456 692 503 748; x_wconf 90' lang='lat' dir='ltr'><strong>est</strong></span> <span class='ocrx_word' id='word_1_31' title='bbox 525 703 634 762; x_wconf 87' lang='lat' dir='ltr'><strong>verus,</strong></span> <span class='ocrx_word' id='word_1_32' title='bbox 656 703 696 748; x_wconf 90' lang='lat' dir='ltr'><strong>ne</strong></span> <span class='ocrx_word' id='word_1_33' title='bbox 718 677 889 767; x_wconf 86' lang='lat' dir='ltr'><strong>opprimar,</strong></span> <span class='ocrx_word' id='word_1_34' title='bbox 911 683 960 748; x_wconf 88' lang='lat' dir='ltr'><strong>sin</strong></span> 
     </span>
     <span class='ocr_line' id='line_1_6' title="bbox 46 760 1049 850; baseline -0.004 -19"><span class='ocrx_word' id='word_1_35' title='bbox 46 770 149 848; x_wconf 80' lang='lat' dir='ltr'><strong>salsus,</strong></span> <span class='ocrx_word' id='word_1_36' title='bbox 186 776 219 832; x_wconf 90' lang='lat' dir='ltr'><strong>ut</strong></span> <span class='ocrx_word' id='word_1_37' title='bbox 239 767 359 831; x_wconf 90' lang='lat' dir='ltr'><strong>tandem</strong></span> <span class='ocrx_word' id='word_1_38' title='bbox 381 768 544 850; x_wconf 85' lang='lat' dir='ltr'><strong>aliquando</strong></span> <span class='ocrx_word' id='word_1_39' title='bbox 569 771 676 832; x_wconf 88' lang='lat' dir='ltr'><strong>timere</strong></span> <span class='ocrx_word' id='word_1_40' title='bbox 698 767 842 831; x_wconf 87' lang='lat' dir='ltr'><strong>desinam.</strong></span> <span class='ocrx_word' id='word_1_41' title='bbox 889 764 961 832; x_wconf 81' lang='lat' dir='ltr'><strong>ilaeo</strong></span> <span class='ocrx_word' id='word_1_42' title='bbox 972 760 1049 836; x_wconf 77' lang='lat'><strong>108</strong></span> 
     </span>
     <span class='ocr_line' id='line_1_7' title="bbox 45 852 962 935; baseline -0.002 -19"><span class='ocrx_word' id='word_1_43' title='bbox 45 854 67 916; x_wconf 87' lang='lat' dir='ltr'><strong>ei</strong></span> <span class='ocrx_word' id='word_1_44' title='bbox 86 859 196 931; x_wconf 89' lang='lat' dir='ltr'><strong>tecum,</strong></span> <span class='ocrx_word' id='word_1_45' title='bbox 218 857 251 916; x_wconf 95' lang='lat' dir='ltr'><strong>ut</strong></span> <span class='ocrx_word' id='word_1_46' title='bbox 274 852 354 930; x_wconf 83' lang='lat' dir='ltr'><strong>dini,</strong></span> <span class='ocrx_word' id='word_1_47' title='bbox 376 853 473 934; x_wconf 89' lang='lat' dir='ltr'><strong>patria</strong></span> <span class='ocrx_word' id='word_1_48' title='bbox 497 853 653 935; x_wconf 88' lang='lat' dir='ltr'><strong>loquatur,</strong></span> <span class='ocrx_word' id='word_1_49' title='bbox 675 867 777 915; x_wconf 92' lang='lat' dir='ltr'><strong>nonne</strong></span> <span class='ocrx_word' id='word_1_50' title='bbox 798 854 962 934; x_wconf 85' lang='lat' dir='ltr'><strong>impetrare</strong></span> 
     </span>
     <span class='ocr_line' id='line_1_8' title="bbox 46 932 963 1017; baseline 0.001 -18"><span class='ocrx_word' id='word_1_51' title='bbox 46 937 165 1015; x_wconf 84' lang='lat' dir='ltr'><strong>debeat,</strong></span> <span class='ocrx_word' id='word_1_52' title='bbox 195 935 313 1000; x_wconf 86' lang='lat' dir='ltr'><strong>etiamsi</strong></span> <span class='ocrx_word' id='word_1_53' title='bbox 344 938 404 998; x_wconf 90' lang='lat' dir='ltr'><strong>virn</strong></span> <span class='ocrx_word' id='word_1_54' title='bbox 435 935 579 999; x_wconf 87' lang='lat' dir='ltr'><strong>adbibere</strong></span> <span class='ocrx_word' id='word_1_55' title='bbox 614 954 676 998; x_wconf 91' lang='lat' dir='ltr'><strong>non</strong></span> <span class='ocrx_word' id='word_1_56' title='bbox 703 935 827 1017; x_wconf 79' lang='lat' dir='ltr'><strong>possit?</strong></span> <span class='ocrx_word' id='word_1_57' title='bbox 871 932 963 1016; x_wconf 82' lang='lat' dir='ltr'><strong>Quid,</strong></span> 
     </span>
     <span class='ocr_line' id='line_1_9' title="bbox 46 1013 1133 1102; baseline 0.004 -22"><span class='ocrx_word' id='word_1_58' title='bbox 46 1021 116 1100; x_wconf 88' lang='lat' dir='ltr'><strong>quod</strong></span> <span class='ocrx_word' id='word_1_59' title='bbox 134 1027 164 1082; x_wconf 92' lang='lat' dir='ltr'><strong>tu</strong></span> <span class='ocrx_word' id='word_1_60' title='bbox 184 1027 214 1084; x_wconf 86' lang='lat' dir='ltr'><strong>te</strong></span> <span class='ocrx_word' id='word_1_61' title='bbox 230 1021 297 1102; x_wconf 90' lang='lat' dir='ltr'><strong>ipse</strong></span> <span class='ocrx_word' id='word_1_62' title='bbox 314 1021 345 1082; x_wconf 92' lang='lat' dir='ltr'><strong>in</strong></span> <span class='ocrx_word' id='word_1_63' title='bbox 362 1020 528 1083; x_wconf 86' lang='lat' dir='ltr'><strong>custodiam</strong></span> <span class='ocrx_word' id='word_1_64' title='bbox 545 1019 679 1082; x_wconf 89' lang='lat' dir='ltr'><strong>dedisti?</strong></span> <span class='ocrx_word' id='word_1_65' title='bbox 707 1019 811 1100; x_wconf 88' lang='lat' dir='ltr'><strong>qu0d¹</strong></span> <span class='ocrx_word' id='word_1_66' title='bbox 834 1019 963 1083; x_wconf 74' lang='lat' dir='ltr'><strong>vitandae</strong></span> <span class='ocrx_word' id='word_1_67' title='bbox 1021 1082 1026 1089; x_wconf 76' lang='grc'>,</span> <span class='ocrx_word' id='word_1_68' title='bbox 1108 1013 1133 1040; x_wconf 62' lang='grc'>”</span> 
     </span>
     <span class='ocr_line' id='line_1_10' title="bbox 46 1102 964 1186; baseline -0.001 -20"><span class='ocrx_word' id='word_1_69' title='bbox 46 1105 214 1186; x_wconf 87' lang='lat' dir='ltr'><strong>suspicionis</strong></span> <span class='ocrx_word' id='word_1_70' title='bbox 237 1121 330 1166; x_wconf 88' lang='lat' dir='ltr'><strong>causa</strong></span> <span class='ocrx_word' id='word_1_71' title='bbox 352 1103 415 1166; x_wconf 70' lang='lat' dir='ltr'><strong>,da</strong></span> <span class='ocrx_word' id='word_1_72' title='bbox 435 1104 484 1167; x_wconf 86' lang='grc' dir='ltr'><strong>Μ’.</strong></span> <span class='ocrx_word' id='word_1_73' title='bbox 507 1102 653 1186; x_wconf 90' lang='lat' dir='ltr'><strong>Lepidum</strong></span> <span class='ocrx_word' id='word_1_74' title='bbox 677 1108 707 1166; x_wconf 93' lang='lat' dir='ltr'><strong>te</strong></span> <span class='ocrx_word' id='word_1_75' title='bbox 726 1103 861 1166; x_wconf 88' lang='lat' dir='ltr'><strong>babitare</strong></span> <span class='ocrx_word' id='word_1_76' title='bbox 882 1103 964 1165; x_wconf 88' lang='lat' dir='ltr'><strong>velle</strong></span> 
     </span>
     <span class='ocr_line' id='line_1_11' title="bbox 46 1186 964 1270; baseline 0 -21"><span class='ocrx_word' id='word_1_77' title='bbox 46 1187 157 1250; x_wconf 85' lang='lat' dir='ltr'><strong>dixisti?</strong></span> <span class='ocrx_word' id='word_1_78' title='bbox 205 1208 222 1251; x_wconf 90' lang='lat' dir='ltr'><strong>a</strong></span> <span class='ocrx_word' id='word_1_79' title='bbox 254 1205 316 1268; x_wconf 90' lang='lat' dir='ltr'><strong>quo</strong></span> <span class='ocrx_word' id='word_1_80' title='bbox 343 1204 404 1251; x_wconf 95' lang='lat' dir='ltr'><strong>non</strong></span> <span class='ocrx_word' id='word_1_81' title='bbox 435 1194 576 1270; x_wconf 87' lang='lat' dir='ltr'><strong>receptus</strong></span> <span class='ocrx_word' id='word_1_82' title='bbox 606 1189 696 1250; x_wconf 92' lang='lat' dir='ltr'><strong>etiam</strong></span> <span class='ocrx_word' id='word_1_83' title='bbox 725 1186 762 1249; x_wconf 93' lang='lat' dir='ltr'><strong>ad</strong></span> <span class='ocrx_word' id='word_1_84' title='bbox 786 1197 835 1250; x_wconf 87' lang='lat' dir='ltr'><strong>me</strong></span> <span class='ocrx_word' id='word_1_85' title='bbox 856 1187 964 1249; x_wconf 87' lang='lat' dir='ltr'><strong>venire</strong></span> 
     </span>
     <span class='ocr_line' id='line_1_12' title="bbox 46 1270 964 1353; baseline 0 -21"><span class='ocrx_word' id='word_1_86' title='bbox 46 1289 125 1333; x_wconf 89' lang='lat' dir='ltr'><strong>ausus</strong></span> <span class='ocrx_word' id='word_1_87' title='bbox 146 1289 179 1334; x_wconf 91' lang='lat' dir='ltr'><strong>es</strong></span> <span class='ocrx_word' id='word_1_88' title='bbox 201 1278 310 1353; x_wconf 88' lang='lat' dir='ltr'><strong>atque,</strong></span> <span class='ocrx_word' id='word_1_89' title='bbox 332 1279 366 1334; x_wconf 90' lang='lat' dir='ltr'><strong>ut</strong></span> <span class='ocrx_word' id='word_1_90' title='bbox 384 1270 464 1334; x_wconf 84' lang='lat' dir='ltr'><strong>dorni</strong></span> <span class='ocrx_word' id='word_1_91' title='bbox 486 1289 560 1334; x_wconf 86' lang='lat' dir='ltr'><strong>rneae</strong></span> <span class='ocrx_word' id='word_1_92' title='bbox 581 1276 611 1334; x_wconf 88' lang='lat' dir='ltr'><strong>te</strong></span> <span class='ocrx_word' id='word_1_93' title='bbox 638 1289 843 1350; x_wconf 85' lang='lat' dir='ltr'><strong>asservarem,</strong></span> <span class='ocrx_word' id='word_1_94' title='bbox 864 1286 964 1353; x_wconf 83' lang='lat' dir='ltr'><strong>roga-</strong></span> 
     </span>
     <span class='ocr_line' id='line_1_13' title="bbox 45 1355 964 1437; baseline 0.001 -22"><span class='ocrx_word' id='word_1_95' title='bbox 45 1357 86 1416; x_wconf 89' lang='lat' dir='ltr'><strong>sti.</strong></span> <span class='ocrx_word' id='word_1_96' title='bbox 129 1355 225 1429; x_wconf 83' lang='lat' dir='ltr'><strong>Quum</strong></span> <span class='ocrx_word' id='word_1_97' title='bbox 249 1376 268 1419; x_wconf 90' lang='lat' dir='ltr'><strong>a</strong></span> <span class='ocrx_word' id='word_1_98' title='bbox 289 1374 338 1417; x_wconf 87' lang='lat' dir='ltr'><strong>me</strong></span> <span class='ocrx_word' id='word_1_99' title='bbox 359 1371 481 1437; x_wconf 84' lang='lat' dir='ltr'><strong>quoque</strong></span> <span class='ocrx_word' id='word_1_100' title='bbox 503 1355 535 1418; x_wconf 90' lang='lat' dir='ltr'><strong>id</strong></span> <span class='ocrx_word' id='word_1_101' title='bbox 555 1356 723 1436; x_wconf 82' lang='lat' dir='ltr'><strong>responsi³</strong></span> <span class='ocrx_word' id='word_1_102' title='bbox 745 1355 890 1432; x_wconf 87' lang='lat' dir='ltr'><strong>tulisses,</strong></span> <span class='ocrx_word' id='word_1_103' title='bbox 914 1370 964 1424; x_wconf 84' lang='lat' dir='ltr'><strong>ma</strong></span> 
     </span>
     <span class='ocr_line' id='line_1_14' title="bbox 45 1438 1114 1522; baseline 0.004 -24"><span class='ocrx_word' id='word_1_104' title='bbox 45 1438 223 1502; x_wconf 92' lang='lat' dir='ltr'><strong>nullomodo</strong></span> <span class='ocrx_word' id='word_1_105' title='bbox 244 1456 339 1522; x_wconf 88' lang='lat' dir='ltr'><strong>posse</strong></span> <span class='ocrx_word' id='word_1_106' title='bbox 361 1439 467 1502; x_wconf 86' lang='lat' dir='ltr'><strong>iisdem</strong></span> <span class='ocrx_word' id='word_1_107' title='bbox 489 1438 654 1520; x_wconf 87' lang='lat' dir='ltr'><strong>parietibus</strong></span> <span class='ocrx_word' id='word_1_108' title='bbox 676 1443 739 1500; x_wconf 95' lang='lat' dir='ltr'><strong>tuto</strong></span> <span class='ocrx_word' id='word_1_109' title='bbox 762 1443 963 1518; x_wconf 87' lang='lat' dir='ltr'><strong>essetecum,</strong></span> <span class='ocrx_word' id='word_1_110' title='bbox 1112 1493 1114 1502; x_wconf 93' lang='lat'><em>.</em></span> 
     </span>
     <span class='ocr_line' id='line_1_15' title="bbox 47 1521 1055 1606; baseline -0.002 -23"><span class='ocrx_word' id='word_1_111' title='bbox 47 1523 90 1601; x_wconf 91' lang='lat' dir='ltr'><strong>qui</strong></span> <span class='ocrx_word' id='word_1_112' title='bbox 109 1539 216 1606; x_wconf 82' lang='lat' dir='ltr'><strong>magno</strong></span> <span class='ocrx_word' id='word_1_113' title='bbox 241 1523 274 1588; x_wconf 93' lang='lat' dir='ltr'><strong>in</strong></span> <span class='ocrx_word' id='word_1_114' title='bbox 298 1521 435 1604; x_wconf 88' lang='lat' dir='ltr'><strong>periculo</strong></span> <span class='ocrx_word' id='word_1_115' title='bbox 461 1540 578 1596; x_wconf 78' lang='lat' dir='ltr'><strong>esseni,</strong></span> <span class='ocrx_word' id='word_1_116' title='bbox 611 1521 692 1603; x_wconf 93' lang='lat' dir='ltr'><strong>quod</strong></span> <span class='ocrx_word' id='word_1_117' title='bbox 713 1522 820 1584; x_wconf 85' lang='lat' dir='ltr'><strong>iisdem</strong></span> <span class='ocrx_word' id='word_1_118' title='bbox 841 1522 963 1584; x_wconf 83' lang='lat' dir='ltr'><strong>moeni·</strong></span> <span class='ocrx_word' id='word_1_119' title='bbox 1049 1525 1055 1537; x_wconf 85' lang='grc'><strong>“</strong></span> 
     </span>
     <span class='ocr_line' id='line_1_16' title="bbox 46 1603 964 1686; baseline -0.003 -21"><span class='ocrx_word' id='word_1_120' title='bbox 46 1603 95 1666; x_wconf 91' lang='lat' dir='ltr'><strong>bus</strong></span> <span class='ocrx_word' id='word_1_121' title='bbox 121 1607 363 1684; x_wconf 88' lang='lat' dir='ltr'><strong>contineremur,</strong></span> <span class='ocrx_word' id='word_1_122' title='bbox 398 1605 435 1668; x_wconf 90' lang='lat' dir='ltr'><strong>ad</strong></span> <span class='ocrx_word' id='word_1_123' title='bbox 460 1605 495 1678; x_wconf 83' lang='lat'><strong>0.</strong></span> <span class='ocrx_word' id='word_1_124' title='bbox 517 1603 668 1667; x_wconf 88' lang='lat' dir='ltr'><strong>Metellum</strong></span> <span class='ocrx_word' id='word_1_125' title='bbox 689 1610 849 1686; x_wconf 78' lang='lat' dir='ltr'><strong>pretorem</strong></span> <span class='ocrx_word' id='word_1_126' title='bbox 871 1603 964 1666; x_wconf 83' lang='lat' dir='ltr'><strong>veni.</strong></span> 
     </span>
     <span class='ocr_line' id='line_1_17' title="bbox 47 1686 964 1772; baseline -0.003 -22"><span class='ocrx_word' id='word_1_127' title='bbox 47 1687 95 1764; x_wconf 91' lang='lat' dir='ltr'><strong>sti;</strong></span> <span class='ocrx_word' id='word_1_128' title='bbox 116 1707 204 1772; x_wconf 89' lang='lat' dir='ltr'><strong>aquo</strong></span> <span class='ocrx_word' id='word_1_129' title='bbox 226 1691 405 1772; x_wconf 87' lang='lat' dir='ltr'><strong>repudiatus</strong></span> <span class='ocrx_word' id='word_1_130' title='bbox 428 1688 465 1750; x_wconf 89' lang='lat' dir='ltr'><strong>ad</strong></span> <span class='ocrx_word' id='word_1_131' title='bbox 487 1686 622 1750; x_wconf 87' lang='lat' dir='ltr'><strong>sodalem</strong></span> <span class='ocrx_word' id='word_1_132' title='bbox 643 1694 737 1764; x_wconf 90' lang='lat' dir='ltr'><strong>tuum,</strong></span> <span class='ocrx_word' id='word_1_133' title='bbox 761 1689 859 1750; x_wconf 88' lang='lat' dir='ltr'><strong>uirum</strong></span> <span class='ocrx_word' id='word_1_134' title='bbox 880 1688 964 1768; x_wconf 72' lang='lat' dir='ltr'><strong>opti-</strong></span> 
     </span>
     <span class='ocr_line' id='line_1_18' title="bbox 46 1770 965 1854; baseline 0.003 -21"><span class='ocrx_word' id='word_1_135' title='bbox 46 1789 131 1847; x_wconf 89' lang='lat' dir='ltr'><strong>mum,</strong></span> <span class='ocrx_word' id='word_1_136' title='bbox 164 1774 201 1836; x_wconf 86' lang='grc' dir='ltr'><strong>Μ.</strong></span> <span class='ocrx_word' id='word_1_137' title='bbox 223 1774 399 1837; x_wconf 85' lang='lat' dir='ltr'><strong>Marcellum</strong></span> <span class='ocrx_word' id='word_1_138' title='bbox 431 1771 624 1854; x_wconf 82' lang='lat' dir='ltr'><strong>demigrasti‚</strong></span> <span class='ocrx_word' id='word_1_139' title='bbox 656 1787 746 1853; x_wconf 91' lang='lat' dir='ltr'><strong>quem</strong></span> <span class='ocrx_word' id='word_1_140' title='bbox 766 1777 799 1834; x_wconf 90' lang='lat' dir='ltr'><strong>tu</strong></span> <span class='ocrx_word' id='word_1_141' title='bbox 820 1770 965 1836; x_wconf 80' lang='lat' dir='ltr'><strong>&#39;videlicet</strong></span> 
     </span>
     <span class='ocr_line' id='line_1_19' title="bbox 47 1852 964 1937; baseline 0 -21"><span class='ocrx_word' id='word_1_142' title='bbox 47 1862 72 1917; x_wconf 90' lang='lat' dir='ltr'><strong>et</strong></span> <span class='ocrx_word' id='word_1_143' title='bbox 96 1857 130 1919; x_wconf 89' lang='lat' dir='ltr'><strong>ad</strong></span> <span class='ocrx_word' id='word_1_144' title='bbox 151 1856 380 1921; x_wconf 88' lang='lat' dir='ltr'><strong>custodiendum</strong></span> <span class='ocrx_word' id='word_1_145' title='bbox 401 1862 431 1918; x_wconf 93' lang='lat' dir='ltr'><strong>te</strong></span> <span class='ocrx_word' id='word_1_146' title='bbox 453 1853 717 1937; x_wconf 79' lang='lat' dir='ltr'><strong>diligentissimum</strong></span> <span class='ocrx_word' id='word_1_147' title='bbox 740 1859 771 1916; x_wconf 89' lang='lat' dir='ltr'><strong>et</strong></span> <span class='ocrx_word' id='word_1_148' title='bbox 799 1852 835 1918; x_wconf 90' lang='lat' dir='ltr'><strong>ad</strong></span> <span class='ocrx_word' id='word_1_149' title='bbox 857 1854 964 1936; x_wconf 86' lang='lat' dir='ltr'><strong>suspi-</strong></span> 
     </span>
     <span class='ocr_line' id='line_1_20' title="bbox 48 1937 964 2025; baseline 0.001 -26"><span class='ocrx_word' id='word_1_150' title='bbox 48 1939 161 2002; x_wconf 87' lang='lat' dir='ltr'><strong>candum</strong></span> <span class='ocrx_word' id='word_1_151' title='bbox 192 1940 423 2025; x_wconf 86' lang='lat' dir='ltr'><strong>sagacissimum</strong></span> <span class='ocrx_word' id='word_1_152' title='bbox 457 1945 487 2001; x_wconf 88' lang='lat' dir='ltr'><strong>et</strong></span> <span class='ocrx_word' id='word_1_153' title='bbox 519 1938 557 2001; x_wconf 87' lang='lat' dir='ltr'><strong>ad</strong></span> <span class='ocrx_word' id='word_1_154' title='bbox 587 1937 798 2002; x_wconf 86' lang='lat' dir='ltr'><strong>vindicandum</strong></span> <span class='ocrx_word' id='word_1_155' title='bbox 827 1937 964 2001; x_wconf 81' lang='lat' dir='ltr'><strong>lentissi-</strong></span> 
     </span>
     <span class='ocr_line' id='line_1_21' title="bbox 47 2022 965 2108; baseline -0.001 -24"><span class='ocrx_word' id='word_1_156' title='bbox 47 2040 116 2085; x_wconf 91' lang='lat' dir='ltr'><strong>nun</strong></span> <span class='ocrx_word' id='word_1_157' title='bbox 136 2023 203 2086; x_wconf 87' lang='lat' dir='ltr'><strong>lore</strong></span> <span class='ocrx_word' id='word_1_158' title='bbox 221 2025 343 2108; x_wconf 88' lang='lat' dir='ltr'><strong>putasti.</strong></span> <span class='ocrx_word' id='word_1_159' title='bbox 395 2022 455 2088; x_wconf 85' lang='lat' dir='ltr'><strong>Sed</strong></span> <span class='ocrx_word' id='word_1_160' title='bbox 486 2039 574 2106; x_wconf 89' lang='lat' dir='ltr'><strong>quam</strong></span> <span class='ocrx_word' id='word_1_161' title='bbox 596 2022 689 2106; x_wconf 86' lang='lat' dir='ltr'><strong>longe</strong></span> <span class='ocrx_word' id='word_1_162' title='bbox 710 2022 833 2086; x_wconf 84' lang='lat' dir='ltr'><strong>uidetur</strong></span> <span class='ocrx_word' id='word_1_163' title='bbox 852 2039 870 2086; x_wconf 87' lang='lat' dir='ltr'><strong>e</strong></span> <span class='ocrx_word' id='word_1_164' title='bbox 891 2038 965 2107; x_wconf 73' lang='lat' dir='ltr'><strong>car-</strong></span> 
     </span>
     <span class='ocr_line' id='line_1_22' title="bbox 48 2105 965 2204; baseline 0.003 -37"><span class='ocrx_word' id='word_1_165' title='bbox 48 2123 108 2168; x_wconf 87' lang='lat' dir='ltr'><strong>cere</strong></span> <span class='ocrx_word' id='word_1_166' title='bbox 130 2114 217 2191; x_wconf 88' lang='lat' dir='ltr'><strong>atque</strong></span> <span class='ocrx_word' id='word_1_167' title='bbox 241 2127 259 2171; x_wconf 89' lang='lat' dir='ltr'><strong>a</strong></span> <span class='ocrx_word' id='word_1_168' title='bbox 283 2107 410 2171; x_wconf 83' lang='lat' dir='ltr'><strong>vinculis</strong></span> <span class='ocrx_word' id='word_1_169' title='bbox 441 2108 549 2172; x_wconf 88' lang='lat' dir='ltr'><strong>abesse</strong></span> <span class='ocrx_word' id='word_1_170' title='bbox 580 2106 710 2185; x_wconf 89' lang='lat' dir='ltr'><strong>debere,</strong></span> <span class='ocrx_word' id='word_1_171' title='bbox 749 2107 801 2188; x_wconf 90' lang='lat' dir='ltr'><strong>qui</strong></span> <span class='ocrx_word' id='word_1_172' title='bbox 830 2124 864 2170; x_wconf 87' lang='lat' dir='ltr'><strong>se</strong></span> <span class='ocrx_word' id='word_1_173' title='bbox 896 2105 965 2204; x_wconf 90' lang='lat' dir='ltr'><strong>ipse</strong></span> 
     </span>
     <span class='ocr_line' id='line_1_23' title="bbox 47 2189 1097 2278; baseline 0.003 -28"><span class='ocrx_word' id='word_1_174' title='bbox 47 2189 97 2252; x_wconf 85' lang='lat' dir='ltr'><strong>iarn</strong></span> <span class='ocrx_word' id='word_1_175' title='bbox 120 2192 243 2275; x_wconf 82' lang='lat' dir='ltr'><strong>dignum</strong></span> <span class='ocrx_word' id='word_1_176' title='bbox 266 2192 401 2255; x_wconf 90' lang='lat' dir='ltr'><strong>custodia</strong></span> <span class='ocrx_word' id='word_1_177' title='bbox 425 2189 589 2254; x_wconf 88' lang='lat' dir='ltr'><strong>iudicarit?</strong></span> <span class='ocrx_word' id='word_1_178' title='bbox 622 2190 695 2263; x_wconf 78' lang='lat' dir='ltr'><strong>Quae</strong></span> <span class='ocrx_word' id='word_1_179' title='bbox 717 2208 809 2271; x_wconf 89' lang='lat' dir='ltr'><strong>quum</strong></span> <span class='ocrx_word' id='word_1_180' title='bbox 830 2190 871 2252; x_wconf 89' lang='lat' dir='ltr'><strong>ita</strong></span> <span class='ocrx_word' id='word_1_181' title='bbox 894 2193 1011 2270; x_wconf 63' lang='lat' dir='ltr'><strong>sintae</strong></span> <span class='ocrx_word' id='word_1_182' title='bbox 1094 2268 1097 2278; x_wconf 27' lang='grc' dir='ltr'>Ι</span> 
     </span>
     <span class='ocr_line' id='line_1_24' title="bbox 49 2271 967 2356; baseline 0.003 -23"><span class='ocrx_word' id='word_1_183' title='bbox 49 2271 183 2353; x_wconf 85' lang='lat' dir='ltr'><strong>Catilina,</strong></span> <span class='ocrx_word' id='word_1_184' title='bbox 215 2275 355 2352; x_wconf 87' lang='lat' dir='ltr'><strong>dubitas,</strong></span> <span class='ocrx_word' id='word_1_185' title='bbox 386 2273 413 2338; x_wconf 89' lang='lat' dir='ltr'><strong>si</strong></span> <span class='ocrx_word' id='word_1_186' title='bbox 437 2274 534 2336; x_wconf 89' lang='lat' dir='ltr'><strong>emori</strong></span> <span class='ocrx_word' id='word_1_187' title='bbox 552 2289 639 2354; x_wconf 84' lang='lat' dir='ltr'><strong>aequo</strong></span> <span class='ocrx_word' id='word_1_188' title='bbox 661 2276 761 2338; x_wconf 88' lang='lat' dir='ltr'><strong>animo</strong></span> <span class='ocrx_word' id='word_1_189' title='bbox 780 2281 842 2336; x_wconf 92' lang='lat' dir='ltr'><strong>non</strong></span> <span class='ocrx_word' id='word_1_190' title='bbox 864 2278 967 2356; x_wconf 87' lang='lat' dir='ltr'><strong>potes,</strong></span> 
     </span>
     <span class='ocr_line' id='line_1_25' title="bbox 49 2357 965 2442; baseline 0.001 -24"><span class='ocrx_word' id='word_1_191' title='bbox 49 2357 122 2420; x_wconf 89' lang='lat' dir='ltr'><strong>abire</strong></span> <span class='ocrx_word' id='word_1_192' title='bbox 143 2359 172 2420; x_wconf 93' lang='lat' dir='ltr'><strong>in</strong></span> <span class='ocrx_word' id='word_1_193' title='bbox 195 2359 315 2442; x_wconf 88' lang='lat' dir='ltr'><strong>aliquas</strong></span> <span class='ocrx_word' id='word_1_194' title='bbox 333 2362 430 2420; x_wconf 87' lang='lat' dir='ltr'><strong>terras</strong></span> <span class='ocrx_word' id='word_1_195' title='bbox 453 2362 483 2419; x_wconf 91' lang='lat' dir='ltr'><strong>et</strong></span> <span class='ocrx_word' id='word_1_196' title='bbox 508 2359 599 2421; x_wconf 87' lang='lat' dir='ltr'><strong>vitam</strong></span> <span class='ocrx_word' id='word_1_197' title='bbox 624 2358 730 2436; x_wconf 90' lang='lat' dir='ltr'><strong>istam,</strong></span> <span class='ocrx_word' id='word_1_198' title='bbox 764 2358 865 2421; x_wconf 90' lang='lat' dir='ltr'><strong>multis</strong></span> <span class='ocrx_word' id='word_1_199' title='bbox 886 2375 965 2438; x_wconf 92' lang='lat' dir='ltr'><strong>sup-</strong></span> 
     </span>
     <span class='ocr_line' id='line_1_26' title="bbox 48 2437 966 2527; baseline 0.001 -26"><span class='ocrx_word' id='word_1_200' title='bbox 48 2437 136 2519; x_wconf 90' lang='lat' dir='ltr'><strong>pliciis</strong></span> <span class='ocrx_word' id='word_1_201' title='bbox 156 2443 245 2508; x_wconf 86' lang='lat' dir='ltr'><strong>iustis</strong></span> <span class='ocrx_word' id='word_1_202' title='bbox 268 2442 437 2525; x_wconf 86' lang='lat' dir='ltr'><strong>debitisque</strong></span> <span class='ocrx_word' id='word_1_203' title='bbox 462 2445 612 2527; x_wconf 80' lang='lat' dir='ltr'><strong>ereptam,</strong></span> <span class='ocrx_word' id='word_1_204' title='bbox 645 2441 727 2525; x_wconf 81' lang='lat' dir='ltr'><strong>fugae</strong></span> <span class='ocrx_word' id='word_1_205' title='bbox 749 2441 966 2523; x_wconf 78' lang='lat' dir='ltr'><strong>solitudinique</strong></span> 
     </span>
     <span class='ocr_line' id='line_1_27' title="bbox 47 2526 199 2588; baseline 0.026 -4"><span class='ocrx_word' id='word_1_206' title='bbox 47 2526 199 2588; x_wconf 86' lang='lat' dir='ltr'><strong>mandare?</strong></span> 
     </span>
    </p>

    <p class='ocr_par' dir='ltr' id='par_1_3' title="bbox 49 2601 1117 3610">
     <span class='ocr_line' id='line_1_28' title="bbox 125 2601 966 2690; baseline -0.004 -19"><span class='ocrx_word' id='word_1_207' title='bbox 125 2609 234 2687; x_wconf 81' lang='lat' dir='ltr'><strong>lieler,</strong></span> <span class='ocrx_word' id='word_1_208' title='bbox 262 2605 380 2687; x_wconf 87' lang='lat' dir='ltr'><strong>inquis,</strong></span> <span class='ocrx_word' id='word_1_209' title='bbox 396 2650 399 2658; x_wconf 54' lang='lat'>=</span> <span class='ocrx_word' id='word_1_210' title='bbox 413 2605 452 2668; x_wconf 87' lang='lat' dir='ltr'><strong>ad</strong></span> <span class='ocrx_word' id='word_1_211' title='bbox 470 2611 627 2684; x_wconf 89' lang='lat' dir='ltr'><strong>senatum;</strong></span> <span class='ocrx_word' id='word_1_212' title='bbox 667 2606 698 2670; x_wconf 93' lang='lat' dir='ltr'><strong>id</strong></span> <span class='ocrx_word' id='word_1_213' title='bbox 717 2605 797 2670; x_wconf 87' lang='lat' dir='ltr'><strong>enim</strong></span> <span class='ocrx_word' id='word_1_214' title='bbox 817 2601 966 2690; x_wconf 80' lang='lat' dir='ltr'><strong>postulas,</strong></span> 
     </span>
     <span class='ocr_line' id='line_1_29' title="bbox 50 2689 966 2772; baseline 0.003 -23"><span class='ocrx_word' id='word_1_215' title='bbox 50 2691 89 2766; x_wconf 88' lang='lat' dir='ltr'><strong>et,</strong></span> <span class='ocrx_word' id='word_1_216' title='bbox 119 2694 144 2755; x_wconf 88' lang='lat' dir='ltr'><strong>si</strong></span> <span class='ocrx_word' id='word_1_217' title='bbox 164 2695 215 2756; x_wconf 82' lang='lat' dir='ltr'><strong>iric</strong></span> <span class='ocrx_word' id='word_1_218' title='bbox 237 2689 313 2753; x_wconf 87' lang='lat' dir='ltr'><strong>ordo</strong></span> <span class='ocrx_word' id='word_1_219' title='bbox 335 2690 394 2752; x_wconf 89' lang='lat' dir='ltr'><strong>sibi</strong></span> <span class='ocrx_word' id='word_1_220' title='bbox 407 2690 558 2772; x_wconf 77' lang='lat' dir='ltr'><strong>placere⁴</strong></span> <span class='ocrx_word' id='word_1_221' title='bbox 591 2689 779 2771; x_wconf 87' lang='lat' dir='ltr'><strong>decreverit,</strong></span> <span class='ocrx_word' id='word_1_222' title='bbox 809 2697 839 2753; x_wconf 83' lang='lat' dir='ltr'><strong>te</strong></span> <span class='ocrx_word' id='word_1_223' title='bbox 863 2690 910 2755; x_wconf 89' lang='lat' dir='ltr'><strong>ire</strong></span> <span class='ocrx_word' id='word_1_224' title='bbox 932 2689 966 2753; x_wconf 91' lang='lat' dir='ltr'><strong>in</strong></span> 
     </span>
     <span class='ocr_line' id='line_1_30' title="bbox 50 2769 1019 2854; baseline 0.004 -22"><span class='ocrx_word' id='word_1_225' title='bbox 50 2773 186 2854; x_wconf 75' lang='lat' dir='ltr'><strong>exsilium,</strong></span> <span class='ocrx_word' id='word_1_226' title='bbox 220 2774 497 2854; x_wconf 83' lang='lat' dir='ltr'><strong>obtemperaturum</strong></span> <span class='ocrx_word' id='word_1_227' title='bbox 516 2779 545 2836; x_wconf 92' lang='lat' dir='ltr'><strong>te</strong></span> <span class='ocrx_word' id='word_1_228' title='bbox 567 2793 637 2838; x_wconf 89' lang='lat' dir='ltr'><strong>esse</strong></span> <span class='ocrx_word' id='word_1_229' title='bbox 660 2772 745 2838; x_wconf 90' lang='lat' dir='ltr'><strong>dicis.</strong></span> <span class='ocrx_word' id='word_1_230' title='bbox 789 2771 858 2838; x_wconf 86' lang='lat' dir='ltr'><strong>Non</strong></span> <span class='ocrx_word' id='word_1_231' title='bbox 878 2769 966 2837; x_wconf 80' lang='lat' dir='ltr'><strong>reie-</strong></span> <span class='ocrx_word' id='word_1_232' title='bbox 1017 2771 1019 2775; x_wconf 79' lang='grc'><strong>’</strong></span> 
     </span>
     <span class='ocr_line' id='line_1_31' title="bbox 49 2857 968 2940; baseline 0.009 -26"><span class='ocrx_word' id='word_1_233' title='bbox 49 2870 121 2936; x_wconf 88' lang='lat' dir='ltr'><strong>ran,</strong></span> <span class='ocrx_word' id='word_1_234' title='bbox 153 2861 184 2922; x_wconf 93' lang='lat' dir='ltr'><strong>id</strong></span> <span class='ocrx_word' id='word_1_235' title='bbox 216 2857 296 2940; x_wconf 88' lang='lat' dir='ltr'><strong>quod</strong></span> <span class='ocrx_word' id='word_1_236' title='bbox 319 2857 463 2919; x_wconf 86' lang='lat' dir='ltr'><strong>abhorret</strong></span> <span class='ocrx_word' id='word_1_237' title='bbox 483 2876 500 2919; x_wconf 90' lang='lat' dir='ltr'><strong>a</strong></span> <span class='ocrx_word' id='word_1_238' title='bbox 523 2859 599 2922; x_wconf 92' lang='lat' dir='ltr'><strong>meis</strong></span> <span class='ocrx_word' id='word_1_239' title='bbox 621 2858 776 2938; x_wconf 88' lang='lat' dir='ltr'><strong>moribus,</strong></span> <span class='ocrx_word' id='word_1_240' title='bbox 813 2862 968 2922; x_wconf 88' lang='lat' dir='ltr'><strong>ettamen</strong></span> 
     </span>
     <span class='ocr_line' id='line_1_32' title="bbox 49 2935 987 3025; baseline 0.007 -28"><span class='ocrx_word' id='word_1_241' title='bbox 49 2935 154 3019; x_wconf 83' lang='lat' dir='ltr'><strong>faciam,</strong></span> <span class='ocrx_word' id='word_1_242' title='bbox 175 2949 208 3006; x_wconf 95' lang='lat' dir='ltr'><strong>ut</strong></span> <span class='ocrx_word' id='word_1_243' title='bbox 231 2940 397 3022; x_wconf 67' lang='lat' dir='ltr'><strong>intelligas</strong></span> <span class='ocrx_word' id='word_1_244' title='bbox 420 2940 493 3021; x_wconf 88' lang='lat' dir='ltr'><strong>quid</strong></span> <span class='ocrx_word' id='word_1_245' title='bbox 515 2941 547 3003; x_wconf 93' lang='lat' dir='ltr'><strong>hi</strong></span> <span class='ocrx_word' id='word_1_246' title='bbox 569 2941 607 3004; x_wconf 88' lang='lat' dir='ltr'><strong>de</strong></span> <span class='ocrx_word' id='word_1_247' title='bbox 630 2948 660 3003; x_wconf 93' lang='lat' dir='ltr'><strong>te</strong></span> <span class='ocrx_word' id='word_1_248' title='bbox 681 2941 822 3008; x_wconf 85' lang='lat' dir='ltr'><strong>sentiant.</strong></span> <span class='ocrx_word' id='word_1_249' title='bbox 862 2938 987 3025; x_wconf 65' lang='lat' dir='ltr'><strong>egre·</strong></span> 
     </span>
     <span class='ocr_line' id='line_1_33' title="bbox 50 3021 967 3107; baseline 0.008 -26"><span class='ocrx_word' id='word_1_250' title='bbox 50 3021 113 3086; x_wconf 87' lang='lat' dir='ltr'><strong>dere</strong></span> <span class='ocrx_word' id='word_1_251' title='bbox 136 3046 174 3088; x_wconf 90' lang='lat' dir='ltr'><strong>ex</strong></span> <span class='ocrx_word' id='word_1_252' title='bbox 197 3024 284 3101; x_wconf 86' lang='lat' dir='ltr'><strong>urbe,</strong></span> <span class='ocrx_word' id='word_1_253' title='bbox 309 3023 459 3100; x_wconf 83' lang='lat' dir='ltr'><strong>Catilina3</strong></span> <span class='ocrx_word' id='word_1_254' title='bbox 490 3023 670 3088; x_wconf 86' lang='lat' dir='ltr'><strong>liberarem</strong></span> <span class='ocrx_word' id='word_1_255' title='bbox 693 3025 845 3107; x_wconf 89' lang='lat' dir='ltr'><strong>publicam</strong></span> <span class='ocrx_word' id='word_1_256' title='bbox 865 3028 967 3100; x_wconf 84' lang='lat' dir='ltr'><strong>metu;</strong></span> 
     </span>
     <span class='ocr_line' id='line_1_34' title="bbox 51 3103 1097 3191; baseline 0.005 -27"><span class='ocrx_word' id='word_1_257' title='bbox 51 3103 78 3166; x_wconf 94' lang='lat' dir='ltr'><strong>in</strong></span> <span class='ocrx_word' id='word_1_258' title='bbox 99 3111 245 3184; x_wconf 87' lang='lat' dir='ltr'><strong>exsilium,</strong></span> <span class='ocrx_word' id='word_1_259' title='bbox 277 3105 304 3170; x_wconf 94' lang='lat' dir='ltr'><strong>si</strong></span> <span class='ocrx_word' id='word_1_260' title='bbox 330 3106 408 3170; x_wconf 87' lang='lat' dir='ltr'><strong>bane</strong></span> <span class='ocrx_word' id='word_1_261' title='bbox 430 3124 536 3171; x_wconf 88' lang='lat' dir='ltr'><strong>vocem</strong></span> <span class='ocrx_word' id='word_1_262' title='bbox 562 3112 732 3190; x_wconf 86' lang='lat' dir='ltr'><strong>exspectas,</strong></span> <span class='ocrx_word' id='word_1_263' title='bbox 760 3106 967 3191; x_wconf 83' lang='lat' dir='ltr'><strong>proficiscere.</strong></span> <span class='ocrx_word' id='word_1_264' title='bbox 1020 3117 1022 3120; x_wconf 81' lang='grc'><strong><em>·</em></strong></span> <span class='ocrx_word' id='word_1_265' title='bbox 1094 3171 1097 3184; x_wconf 72' lang='grc'><em>,</em></span> 
     </span>
     <span class='ocr_line' id='line_1_35' title="bbox 52 3186 966 3274; baseline 0.002 -24"><span class='ocrx_word' id='word_1_266' title='bbox 52 3186 120 3260; x_wconf 80' lang='lat' dir='ltr'><strong>Quid</strong></span> <span class='ocrx_word' id='word_1_267' title='bbox 140 3200 194 3270; x_wconf 88' lang='lat' dir='ltr'><strong>est,</strong></span> <span class='ocrx_word' id='word_1_268' title='bbox 221 3191 373 3256; x_wconf 80' lang='lat' dir='ltr'><strong>Catilina?</strong></span> <span class='ocrx_word' id='word_1_269' title='bbox 408 3192 516 3273; x_wconf 84' lang='lat' dir='ltr'><strong>ecquid</strong></span> <span class='ocrx_word' id='word_1_270' title='bbox 539 3191 676 3269; x_wconf 77' lang='lat' dir='ltr'><strong>attendiS,</strong></span> <span class='ocrx_word' id='word_1_271' title='bbox 698 3191 808 3274; x_wconf 91' lang='lat' dir='ltr'><strong>ecquid</strong></span> <span class='ocrx_word' id='word_1_272' title='bbox 826 3189 966 3256; x_wconf 86' lang='lat' dir='ltr'><strong>animad-</strong></span> 
     </span>
     <span class='ocr_line' id='line_1_36' title="bbox 51 3272 967 3355; baseline 0.004 -24"><span class='ocrx_word' id='word_1_273' title='bbox 51 3276 132 3338; x_wconf 82' lang='lat' dir='ltr'><strong>vertis</strong></span> <span class='ocrx_word' id='word_1_274' title='bbox 154 3276 261 3340; x_wconf 92' lang='lat' dir='ltr'><strong>borum</strong></span> <span class='ocrx_word' id='word_1_275' title='bbox 291 3274 468 3338; x_wconf 89' lang='lat' dir='ltr'><strong>silentium?</strong></span> <span class='ocrx_word' id='word_1_276' title='bbox 513 3274 687 3355; x_wconf 86' lang='lat' dir='ltr'><strong>Patiuntur,</strong></span> <span class='ocrx_word' id='word_1_277' title='bbox 719 3280 829 3340; x_wconf 88' lang='lat' dir='ltr'><strong>tacent.</strong></span> <span class='ocrx_word' id='word_1_278' title='bbox 886 3272 967 3348; x_wconf 85' lang='lat' dir='ltr'><strong>Quid</strong></span> 
     </span>
     <span class='ocr_line' id='line_1_37' title="bbox 52 3355 966 3442; baseline 0.007 -28"><span class='ocrx_word' id='word_1_279' title='bbox 52 3365 197 3439; x_wconf 84' lang='lat' dir='ltr'><strong>exspectas</strong></span> <span class='ocrx_word' id='word_1_280' title='bbox 220 3359 425 3424; x_wconf 87' lang='lat' dir='ltr'><strong>auctoritatem</strong></span> <span class='ocrx_word' id='word_1_281' title='bbox 456 3359 661 3440; x_wconf 86' lang='lat' dir='ltr'><strong>loquentium,</strong></span> <span class='ocrx_word' id='word_1_282' title='bbox 694 3361 822 3442; x_wconf 89' lang='lat' dir='ltr'><strong>quorum</strong></span> <span class='ocrx_word' id='word_1_283' title='bbox 852 3355 966 3421; x_wconf 85' lang='lat' dir='ltr'><strong>volun-</strong></span> 
     </span>
     <span class='ocr_line' id='line_1_38' title="bbox 53 3439 1009 3525; baseline 0.013 -29"><span class='ocrx_word' id='word_1_284' title='bbox 53 3441 131 3503; x_wconf 89' lang='lat' dir='ltr'><strong>tatem</strong></span> <span class='ocrx_word' id='word_1_285' title='bbox 153 3445 309 3507; x_wconf 81' lang='lat' dir='ltr'><strong>tacitorum</strong></span> <span class='ocrx_word' id='word_1_286' title='bbox 339 3441 518 3525; x_wconf 87' lang='lat' dir='ltr'><strong>perspicis?</strong></span> <span class='ocrx_word' id='word_1_287' title='bbox 562 3444 604 3506; x_wconf 83' lang='lat' dir='ltr'><strong>At</strong></span> <span class='ocrx_word' id='word_1_288' title='bbox 633 3443 660 3506; x_wconf 91' lang='lat' dir='ltr'><strong>si</strong></span> <span class='ocrx_word' id='word_1_289' title='bbox 692 3442 752 3506; x_wconf 89' lang='lat' dir='ltr'><strong>boc</strong></span> <span class='ocrx_word' id='word_1_290' title='bbox 783 3443 864 3506; x_wconf 93' lang='lat' dir='ltr'><strong>idem</strong></span> <span class='ocrx_word' id='word_1_291' title='bbox 895 3439 1009 3510; x_wconf 79' lang='lat' dir='ltr'><strong>huioal</strong></span> 
     </span>
     <span class='ocr_line' id='line_1_39' title="bbox 54 3522 1117 3610; baseline 0.006 -29"><span class='ocrx_word' id='word_1_292' title='bbox 54 3522 225 3592; x_wconf 87' lang='lat' dir='ltr'><strong>adolescenti</strong></span> <span class='ocrx_word' id='word_1_293' title='bbox 247 3527 382 3610; x_wconf 91' lang='lat' dir='ltr'><strong>optimo,</strong></span> <span class='ocrx_word' id='word_1_294' title='bbox 423 3523 455 3593; x_wconf 84' lang='lat' dir='ltr'><strong>P.</strong></span> <span class='ocrx_word' id='word_1_295' title='bbox 477 3525 620 3608; x_wconf 67' lang='lat' dir='ltr'><strong>Sestiot,</strong></span> <span class='ocrx_word' id='word_1_296' title='bbox 658 3526 687 3593; x_wconf 85' lang='lat' dir='ltr'><strong>si</strong></span> <span class='ocrx_word' id='word_1_297' title='bbox 709 3525 876 3591; x_wconf 79' lang='lat' dir='ltr'><strong>fortissimo</strong></span> <span class='ocrx_word' id='word_1_298' title='bbox 897 3524 967 3588; x_wconf 85' lang='lat' dir='ltr'><strong>viro</strong></span> <span class='ocrx_word' id='word_1_299' title='bbox 1001 3561 1006 3571; x_wconf 50' lang='grc' dir='ltr'><strong>ι</strong></span> <span class='ocrx_word' id='word_1_300' title='bbox 1115 3547 1117 3553; x_wconf 96' lang='grc'><strong><em>·</em></strong></span> 
     </span>
    </p>
   </div>
   <div class='ocr_carea' id='block_1_3' title="bbox 54 3664 270 3684">
    <p class='ocr_par' dir='ltr' id='par_1_4' title="bbox 54 3664 270 3684">
     <span class='ocr_line' id='line_1_40' title="bbox 54 3664 270 3684; baseline 0 -1"><span class='ocrx_word' id='word_1_301' title='bbox 54 3664 270 3684; x_wconf 31' lang='grc' dir='ltr'><strong>ᾖα...-</strong></span> 
     </span>
    </p>
   </div>
   <div class='ocr_carea' id='block_1_4' title="bbox 85 3703 992 3948">
    <p class='ocr_par' dir='ltr' id='par_1_5' title="bbox 85 3703 992 3948">
     <span class='ocr_line' id='line_1_41' title="bbox 87 3703 966 3862; baseline 0.003 -69"><span class='ocrx_word' id='word_1_302' title='bbox 87 3737 201 3862; x_wconf 53' lang='lat' dir='ltr'><strong>¹guid?</strong></span> <span class='ocrx_word' id='word_1_303' title='bbox 228 3743 309 3814; x_wconf 88' lang='lat' dir='ltr'><strong>quod.</strong></span> <span class='ocrx_word' id='word_1_304' title='bbox 356 3742 475 3808; x_wconf 49' lang='grc' dir='ltr'><strong>’ἕρκη</strong></span> <span class='ocrx_word' id='word_1_305' title='bbox 507 3703 726 3810; x_wconf 57' lang='lat' dir='ltr'><strong>mecoenas?</strong></span> <span class='ocrx_word' id='word_1_306' title='bbox 744 3737 801 3810; x_wconf 73' lang='lat' dir='ltr'><strong>R),</strong></span> <span class='ocrx_word' id='word_1_307' title='bbox 827 3739 966 3814; x_wconf 71' lang='lat' dir='ltr'><strong>Pompeius</strong></span> 
     </span>
     <span class='ocr_line' id='line_1_42' title="bbox 85 3803 992 3907; baseline 0.008 -45"><span class='ocrx_word' id='word_1_308' title='bbox 85 3803 116 3907; x_wconf 59' lang='grc' dir='ltr'><strong><em>ῳ</em></strong></span> <span class='ocrx_word' id='word_1_309' title='bbox 138 3808 157 3862; x_wconf 83' lang='grc'><strong><em>6</em></strong></span> <span class='ocrx_word' id='word_1_310' title='bbox 174 3812 263 3899; x_wconf 69' lang='lat' dir='ltr'><strong>blod)</strong></span> <span class='ocrx_word' id='word_1_311' title='bbox 279 3841 317 3898; x_wconf 56' lang='lat'><strong>.-</strong></span> <span class='ocrx_word' id='word_1_312' title='bbox 334 3816 413 3883; x_wconf 85' lang='lat' dir='ltr'><strong>apud.</strong></span> <span class='ocrx_word' id='word_1_313' title='bbox 469 3815 481 3847; x_wconf 85' lang='lat'><strong>¹</strong></span> <span class='ocrx_word' id='word_1_314' title='bbox 505 3816 580 3868; x_wconf 74' lang='lat' dir='ltr'><strong>codd.</strong></span> <span class='ocrx_word' id='word_1_315' title='bbox 597 3816 653 3868; x_wconf 69' lang='lat' dir='ltr'><strong>edd</strong></span> <span class='ocrx_word' id='word_1_316' title='bbox 671 3825 729 3900; x_wconf 70' lang='lat' dir='ltr'><strong>vert.</strong></span> <span class='ocrx_word' id='word_1_317' title='bbox 750 3839 783 3854; x_wconf 87' lang='lat'><strong>·-</strong></span> <span class='ocrx_word' id='word_1_318' title='bbox 799 3829 963 3884; x_wconf 78' lang='lat' dir='ltr'><strong>responsum·</strong></span> <span class='ocrx_word' id='word_1_319' title='bbox 989 3854 992 3858; x_wconf 82' lang='lat'><em>-</em></span> 
     </span>
     <span class='ocr_line' id='line_1_43' title="bbox 119 3881 751 3948; baseline 0.013 -14"><span class='ocrx_word' id='word_1_320' title='bbox 119 3881 219 3948; x_wconf 79' lang='lat' dir='ltr'><strong>plaeere</strong></span> <span class='ocrx_word' id='word_1_321' title='bbox 237 3885 297 3940; x_wconf 78' lang='lat' dir='ltr'><strong>nbr-</strong></span> <span class='ocrx_word' id='word_1_322' title='bbox 350 3885 364 3919; x_wconf 81' lang='lat'>⁸</span> <span class='ocrx_word' id='word_1_323' title='bbox 386 3885 459 3939; x_wconf 77' lang='lat' dir='ltr'><strong>cedd.</strong></span> <span class='ocrx_word' id='word_1_324' title='bbox 475 3885 515 3938; x_wconf 79' lang='lat' dir='ltr'><strong>eal.</strong></span> <span class='ocrx_word' id='word_1_325' title='bbox 534 3895 583 3942; x_wconf 79' lang='lat' dir='ltr'><strong>oet.</strong></span> <span class='ocrx_word' id='word_1_326' title='bbox 603 3911 635 3928; x_wconf 84' lang='lat'><strong>-</strong></span> <span class='ocrx_word' id='word_1_327' title='bbox 652 3886 751 3942; x_wconf 75' lang='lat' dir='ltr'><strong>Semo·</strong></span> 
     </span>
    </p>
   </div>
   <div class='ocr_carea' id='block_1_5' title="bbox 0 0 1249 4318">
    <p class='ocr_par' dir='ltr' id='par_1_6' title="bbox 0 0 1249 4318">
     <span class='ocr_line' id='line_1_44' title="bbox 0 0 1249 4318; baseline 0 0"><span class='ocrx_word' id='word_1_328' title='bbox 0 0 1249 4318; x_wconf 95' lang='lat' dir='ltr'><strong> </strong></span> 
     </span>
    </p>
   </div>
  </div>
 </body>
</html>
