2546 4310
271 229 307 282 aa
551 195 846 282 ‘ounrro
965 263 971 274 ,

272 395 625 479 videtur-amplissimus,
647 397 700 480 qui
722 413 778 462 sua
802 399 912 461 uirtute
933 399 964 461 in
986 396 1139 462 altiorem
1158 395 1203 458 to-

273 499 342 544 eum
363 483 519 562 pervenit,
549 499 629 558 nou,
668 479 720 562 qui
741 481 897 544 adscendit
917 499 974 563 per
995 482 1134 544 atterius
1159 480 1204 541 in-
1245 482 1246 542 t

273 565 462 630 commodum
481 572 511 628 et
526 565 733 628 calamitatem.
780 565 961 628 Desinemus
978 563 1154 646 aliquando
1173 580 1206 624 aa

272 650 414 726 serutari,
437 665 503 728 qum
524 654 594 710 sunt
615 649 715 712 inania
722 667 732 724 ;
754 665 922 730 quaeramus
945 649 988 710 ibi
1010 646 1206 722 maleficium,

178 730 184 742 '
271 732 323 798 ubi
333 733 378 794 at¹
392 739 440 793 est
450 724 617 795 etinveniri
628 737 735 812 potest
759 732 820 794 iam
830 733 993 816 intelliges,
1008 731 1126 807 Eruei‚‘
1139 746 1206 792 eer-

271 822 333 880 tum
361 815 477 880 erinon
507 833 597 895 quam
629 814 729 878 multis
752 817 976 897 suspicionibus
1007 820 1206 900 coarguatur.
1246 825 1247 838 ¹

271 898 403 964 Tametsi
424 915 524 978 neque
546 899 646 962 omnia
673 898 769 961 dicam
792 906 822 961 et
837 892 1207 979 tenternnnmqnidqud

271 989 411 1064 tangam
432 997 532 1062 neque
555 983 635 1044 enim
657 982 686 1044 id
710 981 854 1060 iacerem,
875 983 935 1045 nisi
956 999 1097 1045 neeesse
1123 983 1205 1053 esset,

273 1071 304 1128 et
326 1063 357 1128 id
379 1064 438 1128 erit
451 1065 543 1146 signi,
565 1066 752 1140 meinvitum
768 1066 881 1144 faeere,
903 1067 986 1147 quod
1004 1083 1076 1128 non
1099 1079 1206 1146 persa-

273 1148 372 1230 quar⁸
396 1147 528 1229 longius,
550 1166 640 1230 quam
661 1149 743 1213 satus
763 1150 852 1214 huius
867 1155 897 1212 et
911 1169 978 1212 mea
993 1148 1077 1212 fides
1101 1151 1205 1229 postu-

226 1231 355 1302 atlabit
397 1228 526 1294 Causam
550 1232 714 1296 tenatiam
738 1233 915 1316 reperiebas
939 1235 970 1296 in
988 1229 1206 1300 Sex.Roseio;

274 1323 304 1380 at
325 1327 386 1398 ego
410 1314 440 1378 in
464 1311 496 1376 T.
507 1313 618 1378 Roscio
639 1317 772 1397 reperio.
819 1317 932 1380 Tenum
954 1317 1041 1380 enim
1064 1315 1145 1378 mibi
1160 1325 1205 1372 res

273 1405 338 1477 est,
380 1395 413 1460 Τ.
435 1397 544 1474 Rosci,
583 1401 726 1480 quoniam
760 1401 829 1463 istie
859 1401 950 1464 sodes
974 1417 1012 1464 ao
1038 1406 1075 1462 te
1111 1395 1205 1480 palan

274 1481 479 1548 adversarium
497 1499 567 1546 esse
589 1481 751 1563 profiteris.
792 1483 838 1545 De
854 1481 1001 1566 Capitone
1019 1489 1099 1566 post
1121 1478 1205 1542 vido-
1248 1543 1249 1546 ,

275 1568 381 1644 rimus,
400 1565 440 1642 si,
465 1566 716 1646 quemadmodum
737 1575 874 1648 paratum
899 1586 968 1630 esse
990 1567 1099 1643 audio,
1125 1560 1204 1625 testis

274 1651 440 1734 prodierim
463 1657 523 1712 tum
546 1649 621 1712 alias
643 1667 766 1731 quoque
789 1669 862 1714 suas
887 1652 1001 1732 palmas
1021 1648 1205 1734 cognoseat

275 1735 313 1800 de
346 1735 454 1816 quibus
488 1751 536 1796 me
565 1749 605 1796 ne
635 1733 757 1796 audisse
784 1734 905 1814 quidem
937 1735 1126 1818 suspicatur.
1174 1725 1202 1786 L·

275 1816 399 1882 Cassius
422 1817 492 1892 ille,
525 1832 614 1898 quem
636 1817 767 1897 populus
788 1817 940 1882 Romanus
960 1815 1159 1882 verissimum
1179 1811 1204 1869 θῑ
1249 1865 1250 1892 r

274 1901 531 1984 sapientissimum
554 1898 683 1963 iudicem
705 1901 838 1982 putabat,
862 1902 1025 1964 identidem
1048 1903 1084 1964 in
1107 1893 1203 1961 sursit

232 2059 235 2068 ¹
274 2000 411 2068 querere
433 1983 566 2058 solebat,
608 1985 658 2046 mii
678 1982 756 2046 bono
777 1985 897 2065 [ιιῑεεα.
946 1985 996 2050 Sia
1017 1986 1082 2050 vita
1105 1976 1202 2045 homi-
1249 1977 1250 1988 ’

275 2088 346 2132 nuru
371 2073 436 2144 est,
476 2072 508 2130 ut
536 2065 575 2130 ad
597 2066 776 2132 malefidum
797 2085 887 2132 neruo
910 2075 1037 2132 donetur
1058 2069 1133 2132 ¹sine
1153 2074 1203 2141 spe

118 2183 162 2225 ,α
228 2161 264 2211 ot
277 2161 304 2216 at
326 2169 365 2214 ue
394 2149 596 2218 emolumento
626 2151 781 2214 accedere.
837 2151 923 2216 Hune
949 2153 1149 2234 quesitorem
1170 2157 1201 2204 ut
1250 2221 1251 2238 χ

274 2173 405 2300 iniiam
424 2232 582 2314 fugiebant
604 2242 695 2316 atque
719 2235 883 2300 horrebant
903 2237 943 2315 ii,
982 2236 1097 2318 quibus
1120 2227 1202 2314 pari-

276 2319 376 2384 eulum
399 2317 578 2396 creabatur,
610 2320 680 2384 ideo
709 2319 808 2400 quod,
840 2321 962 2384 tametsi·
980 2319 1120 2382 veritatis
1140 2313 1201 2406 erut
1250 2331 1251 2350 ³

276 2403 401 2479 amicus,
424 2408 524 2468 tamen
545 2410 650 2468 natura
667 2419 730 2466 non
753 2408 812 2466 tarn
827 2421 998 2486 propensus
1014 2403 1060 2470 ad
1080 2401 1201 2464 misen·

276 2486 428 2563 cordiam,
473 2504 561 2566 quam
598 2487 768 2568 inpuratus
807 2488 845 2550 ad
884 2483 1077 2550 severitatem
1116 2479 1200 2572 vide·

275 2569 372 2634 baur.
422 2569 510 2653 Ego,
548 2587 726 2652 quamquam
748 2579 860 2652 praeest
881 2571 953 2634 buin
976 2568 1138 2651 questioni
1157 2573 1200 2624 ur

277 2660 307 2716 et
327 2659 435 2720 eonba
457 2651 611 2719 audaciam
631 2654 814 2718 fortissimus
836 2661 867 2718 et
889 2654 926 2717 ab
941 2655 1117 2717 innocentia
1137 2647 1199 2710 ele-

277 2739 490 2813 mentissimus,
520 2744 619 2802 tamen
642 2737 733 2800 facile
753 2757 803 2800 me
826 2744 956 2821 paterer,
985 2738 1034 2799 vel
1055 2738 1110 2799 ilio
1135 2734 1197 2823 ipsu

279 2822 427 2887 aaemno
447 2821 546 2886 iudice
569 2827 731 2904 quarente,
757 2822 806 2884 vel
829 2823 910 2904 apud
932 2819 1098 2883 Cassianos
1121 2811 1198 2879 iud·

279 2923 349 2982 ees,
388 2923 515 2986 quorum
537 2907 628 2968 etiarn
650 2921 730 2968 nuno
753 2905 792 2983 ii,
831 2906 940 2989 quibus
961 2923 1053 2967 eausa
1074 2893 1197 2990 dieeodt

280 2995 336 3066 ost,
357 3005 468 3054 nomen
490 2990 588 3070 ipsum
611 2989 817 3068 reformidant,
850 3007 906 3071 pro
928 2988 999 3054 Sex.
1018 2988 1130 3052 Roscio
1153 2978 1198 3040 dt-

166 3064 214 3142 31
233 3096 268 3146 aa
280 3081 360 3138 aare.
392 3073 426 3136 in
442 3073 499 3136 bae
516 3074 596 3136 enim
614 3092 704 3136 eausa
720 3091 811 3154 quum
826 3073 975 3150 viderent,
991 3072 1060 3134 illos
1076 3064 1198 3156 ampli?

279 3158 385 3223 simam
407 3157 567 3240 pecuniam
590 3157 760 3239 possidere,
785 3156 866 3220 buna
889 3157 921 3219 in
945 3173 1059 3220 summa
1082 3145 1196 3216 mendu-

208 3245 212 3256 '
279 3242 369 3304 eitate
391 3259 470 3318 esse,
502 3239 578 3304 illud
601 3241 722 3322 quidam
744 3257 807 3304 non
831 3246 1018 3322 quaererent,
1049 3239 1098 3301 eni
1121 3237 1195 3296 bono

279 3323 397 3403 inisset,
420 3323 484 3399 sed,
508 3340 547 3386 eo
571 3325 776 3406 perspiceret,
809 3326 923 3386 crimen
947 3331 978 3388 et
1000 3322 1195 3404 suspicionum

277 3413 380 3492 potius
402 3406 591 3489 adpraedam
614 3407 832 3492 adiungerent,
858 3426 947 3489 quam
970 3407 1008 3469 ad
1029 3406 1195 3493 egestatem·

279 3493 368 3572 Quid,
384 3493 414 3556 si
433 3490 552 3557 accedit
561 3493 680 3574 eodem,
703 3498 735 3556 ut
755 3493 854 3556 tenuis
876 3498 963 3554 antea
976 3489 1098 3555 fueris?
1120 3475 1193 3567 apud,

317 3719 326 3752 ¹
349 3717 413 3769 coni.
424 3679 580 3769 'Steinmetm‘
589 3725 667 3771 uuest.
678 3716 748 3770 codd.
762 3715 820 3785 (ubi
834 3715 919 3768 males.
927 3715 994 3781 ubi).
1005 3741 1040 3753 -
1049 3714 1192 3783 quaeramus

314 3791 360 3842 ubi
382 3788 493 3841 maletto.
545 3787 559 3818 ²
587 3792 651 3844 corut
679 3812 715 3827 -
751 3786 967 3855 unumquodque.
1030 3781 1192 3852 ⁸prosequar

314 3860 326 3892 ⁴
347 3860 521 3928 perspicuum.
