2546 4310
912 243 984 294 xitt
1090 234 1111 280 Γ

103 392 200 453 natm,
224 392 256 441 ut
278 385 339 456 ipse
359 385 597 458 ratiocinabatur,
630 407 695 464 nec,
726 394 761 447 si
773 377 916 463 cuperent,
944 395 1035 464 repri-
1099 437 1101 442 .

100 483 181 526 mere
207 475 343 540 possent,
386 487 471 543 quum
501 477 609 530 tontum
637 471 801 545 berrefisium
827 477 867 552 ei⁴
880 491 912 532 se
933 474 1033 534 debere
1084 541 1087 546 ,

100 549 323 622 arbitrarentur,
353 559 392 622 ct,
414 554 441 609 si
461 553 578 623 uellem,
599 555 724 625 sortasse
745 560 930 629 stupescent
951 558 1034 628 frari-

99 649 171 704 9ere
194 633 313 689 bominis
336 635 547 694 sceleratissimi
569 637 785 696 corroboratam
808 641 865 696 iam
889 649 1031 698 uetustate

99 715 263 773 audacium.
286 717 403 774 ,Facile
430 719 599 799 intellectum
629 728 672 776 est
694 722 728 777 ab
758 723 910 780 editoribus
932 722 1032 797 (uper-

98 800 209 856 tissime
240 804 282 855 est
305 799 378 856 enim
407 808 435 857 et
463 805 620 860 necessaris
648 806 790 874 sententie
815 806 942 878 iorme),
975 806 1030 864 hcc

99 882 268 938 Ciceronem
292 882 397 955 dicere,
419 883 626 942 illos‘consules
644 903 733 959 neque
753 889 922 945 voluntatem
941 889 1031 946 Clodii

96 964 365 1037 coercendisque
389 969 719 1040 potestatembnbituros
742 971 847 1044 luisse3
879 972 915 1029 iis
939 977 1030 1030 tumen

95 1047 205 1117 verbis,
234 1064 295 1120 que
314 1049 341 1105 in
366 1049 509 1107 codicibus
532 1058 634 1122 essent,
659 1069 714 1109 nou
737 1053 792 1110 boc
812 1055 958 1126 contineri,
980 1054 1030 1112 red
1130 1073 1134 1080 ’

96 1123 347 1214 ineptissimessbis'
361 1131 434 1189 idem
457 1133 524 1204 dici,
549 1150 608 1205 eos,
632 1135 740 1191 etiamsi
762 1136 791 1193 id
811 1137 924 1208 vellent,
946 1144 1029 1211 pote·

91 1219 198 1284 statem
219 1229 274 1270 nou
295 1214 381 1270 fuisse
403 1215 555 1272 babituros.
609 1217 703 1289 ltaque
727 1219 830 1288 iudea
851 1220 972 1278 bisuntio
990 1222 1030 1277 ite

94 1295 288 1354 scribebatur:
310 1312 372 1365 nec,
396 1299 422 1353 si
441 1307 570 1370 possent,
592 1301 744 1371 reprimere
768 1310 910 1374 cuperent.
958 1303 1030 1372 Quid

92 1378 248 1436 Klotuiusi
287 1379 385 1434 Nurrut
415 1382 486 1448 (rol.
510 1382 523 1437 l
545 1383 622 1454 pist.
644 1401 671 1455 p.
694 1381 810 1457 deV),
841 1387 869 1443 ri
895 1394 1030 1460 cuperent

94 1477 178 1534 esse:
220 1478 300 1518 menn
319 1464 361 1518 sie
382 1480 412 1518 es
431 1464 682 1521 utinsclrensmertb
704 1466 833 1537 sunm,
866 1469 893 1525 si
912 1470 1027 1539 uellent,

91 1560 177 1600 menn
204 1545 245 1602 ste
278 1560 309 1601 cs
331 1544 458 1602 uirltlicb
486 1547 707 1620 unternabmen,
751 1551 819 1607 mire
850 1552 1027 1625 ecnpientis
1112 1595 1117 1602 ι
1147 1591 1154 1602 ,

93 1627 190 1684 enimc
211 1627 391 1692 voluntatem
404 1628 598 1701 distinguens,
622 1637 651 1684 ut
669 1629 729 1686 bec
753 1633 893 1691 contrariu
916 1649 1028 1706 ponen-

92 1713 152 1780 tur,
177 1715 205 1764 et
223 1707 357 1765 voluntati
371 1707 538 1776 substituens
561 1707 714 1780 actionem,
736 1712 786 1765 sed
808 1721 900 1764 tumen
921 1711 1026 1779 eliecit,

92 1798 123 1848 ut
148 1791 203 1846 boc
225 1790 381 1846 diceretur:
416 1790 513 1846 weder
532 1806 613 1846 menn
637 1790 678 1845 sie
701 1807 730 1846 es
751 1791 923 1862 uduscbten,
946 1797 1026 1848 wir·-

91 1873 149 1930 den
181 1874 222 1929 sie
251 1890 281 1929 es
309 1873 438 1945 kbrrueu,
473 1874 565 1944 unuln,
601 1889 682 1928 ivenn
704 1873 746 1930 sie
768 1891 799 1930 es
820 1875 1026 1944 unteruibmen,
1056 1917 1062 1921 .

90 1954 211 2014 wrirdcn
231 1956 273 2012 sie
296 1953 325 2010 es
349 1955 477 2012 libmrent
518 1955 600 2024 Quod
622 1971 704 2028 quum
725 1956 787 2030 ipse
817 1957 932 2013 sentiret
963 1957 1033 2012 ine-·
1093 2017 1095 2027 ἱ

90 2047 170 2113 ptum
189 2055 261 2109 esse,
282 2040 430 2111 potestatis
451 2039 506 2095 duo
521 2055 626 2109 genere
650 2038 728 2110 lecit,
753 2038 858 2097 morule
878 2047 906 2096 et
926 2039 1026 2113 physi-
1074 2075 1076 2078 -
1150 2023 1154 2034 ⁹

91 2138 175 2191 cunr,
205 2138 292 2192 enque
317 2122 488 2178 scicercne
510 2121 665 2191 significari
685 2122 753 2180 vult.
799 2123 876 2179 Belle
901 2138 968 2181 reru
992 2137 1025 2178 eu

89 2205 285 2275 significentur
301 2203 354 2260 buc
369 2203 557 2275 geminatione
575 2203 697 2260 eiusdem
716 2206 795 2262 unius
816 2205 913 2262 verbi:
936 2219 1027 2277 neque

85 2294 207 2361 possent
232 2279 265 2326 '-
288 2294 315 2342 et
343 2316 375 2326 -
400 2289 451 2343 oin
468 2284 619 2360 possent.¹
666 2286 737 2354 Quid
762 2295 888 2361 putemus
909 2289 1024 2345 alierum

90 2371 192 2428 artium
215 2369 360 2441 homines,
395 2370 481 2430 serbe
511 2369 628 2426 eliorum
657 2377 685 2424 et
705 2373 856 2427 sententies
876 2372 973 2442 legere
996 2377 1025 2426 et
1058 2386 1070 2396 ··

88 2451 251 2523 intelligere
275 2452 440 2527 simpliciter
460 2453 581 2524 solitos,
615 2452 787 2509 iudicaturos
809 2470 890 2527 esse,
924 2452 1024 2510 sibus

89 2535 213 2594 eradere
233 2535 432 2608 philologicsm
451 2535 598 2592 enarrandi
620 2541 707 2592 artem
728 2535 856 2598 scirent?
882 2535 938 2592 Sed
957 2536 1024 2592 illnc

88 2624 297 2692 praevertemur.
344 2619 495 2692 Manutius,
531 2623 561 2674 nt
591 2618 671 2674 huius
701 2617 759 2674 luci
788 2619 912 2675 mendum
942 2617 1023 2687 sidit,

88 2717 146 2758 son
170 2701 236 2756 item
256 2718 370 2775 prorsus
392 2708 469 2758 recte
490 2701 608 2758 sustulit.
642 2700 736 2772 Neque
755 2701 827 2757 enim
847 2700 1023 2771 intelligitur,
1104 2728 1109 2736 ,

87 2801 145 2858 quo
171 2789 267 2842 errore
289 2785 373 2841 verbu
395 2790 513 2857 possent
538 2813 570 2824 -
594 2791 731 2854 cuperent
752 2784 843 2840 locum
866 2788 1023 2857 permutare

87 2867 240 2940 potuerint.
288 2866 344 2922 Sed
366 2885 447 2940 quum
465 2867 566 2923 Cicero
589 2865 758 2939 scripsisset,
780 2873 810 2923 ut
830 2883 902 2923 nunc
917 2865 1023 2922 demum
1067 2923 1073 2939 ,

88 2948 184 3005 edidi:
207 2964 260 3004 nec
279 2959 414 3020 cuperent
430 2951 593 3021 reprimere,
614 2952 643 3005 si
657 2955 784 3022 possent,
806 2948 935 3007 librarius
953 2947 1023 3004 dor·
1078 2956 1080 2960 '

88 3033 188 3088 mitens
213 3048 266 3088 nec
299 3032 335 3089 sd
363 3028 527 3090 sententium
558 3033 721 3103 attendens,
760 3039 879 3106 propter
909 3031 1022 3088 ulterius

87 3115 203 3171 membri
225 3113 340 3172 formum
364 3117 427 3186 (et,
450 3118 478 3174 si
497 3115 620 3184 uellent,
647 3115 698 3172 cic
715 3117 848 3186 possent)
870 3114 917 3170 hie
939 3113 1022 3169 etism

88 3197 311 3255 condicionelem
328 3199 492 3272 particulam
516 3200 544 3254 in
569 3198 677 3254 initium
699 3203 728 3252 et
752 3197 786 3254 ed
810 3199 887 3271 prius
908 3196 1021 3253 verbum
1044 3237 1046 3242 -

7 3311 9 3314 ·
86 3281 214 3336 retraxit.
265 3280 296 3336 ln
327 3281 449 3340 eiusdem
480 3281 616 3340 cretionis
646 3280 765 3337 exordio
797 3283 818 3349 9
845 3281 867 3336 2
896 3278 1022 3336 lllotcius
1052 3325 1054 3334 .

87 3365 251 3438 scripturum
283 3365 428 3421 meliorum
463 3364 609 3421 codicum:
645 3362 712 3420 Non
742 3359 797 3420 illo
821 3361 959 3434 presidia
985 3389 1018 3409 -ι-

84 3459 144 3501 non
177 3445 303 3515 afferunt
329 3453 424 3504 tamen
455 3449 569 3504 oratori
599 3445 711 3520 aliquid
738 3446 783 3502 sic·
812 3443 954 3515 defendit,
992 3450 1023 3498 ut

88 3593 97 3619 ¹
114 3593 240 3648 Postquam
255 3592 304 3638 burc
317 3598 418 3649 nugatus
433 3599 486 3644 est.
501 3596 673 3644 nosceretur,
688 3596 797 3648 tunquam
811 3589 832 3633 ri
846 3589 901 3644 qnid
916 3601 942 3632 er
959 3589 1021 3634 inte·

112 3647 176 3690 riore
202 3646 302 3692 scientis
327 3647 509 3706 desumpserit,
534 3647 636 3690 rddere:
666 3647 740 3690 Wrire
762 3644 963 3699 diesynunymik·
978 3645 1020 3688 der

110 3699 265 3744 lateinisches
279 3660 386 3758 Spsecte
400 3703 424 3746 in
444 3701 513 3745 ibren
536 3701 696 3762 Grundzilgen
716 3711 822 3754 gensuer
842 3697 890 3740 und
910 3697 1019 3740 uteretur

111 3754 259 3808 nulgolurrt,
282 3765 309 3798 ru
328 3756 409 3800 wbrde
428 3766 482 3800 meu
498 3755 553 3800 nich
573 3752 641 3798 mehr
657 3765 687 3796 ιιιι
702 3751 796 3796 rulubon
811 3751 901 3795 Sicllen
916 3751 960 3806 bes
977 3751 1019 3794 der

112 3805 276 3866 triumuir-3
290 3809 333 3854 der
347 3807 477 3856 kritlrclrsn
493 3810 567 3854 Ruunt
583 3805 735 3863 nutrituris
750 3805 856 3850 uurdeu!
