2490 4316
288 166 343 216 ²⁰8
637 161 874 218 canuto

286 333 464 419 repentinus
483 333 522 398 ad
543 349 629 398 meos
648 335 843 400 necessarios
860 332 1006 399 aduentus
1027 338 1199 420 suspicionis

287 420 400 503 aliquid
422 419 555 496 afferret,
577 419 604 480 si
617 437 717 482 essem
737 423 947 482 commoratus.
995 419 1096 492 Quum
1114 432 1200 485 autem
1239 445 1240 464 ,

286 523 336 567 me
359 521 399 568 ex
421 502 524 568 Sicilia
545 500 583 562 ud
607 501 845 583 Leucopetram,
876 501 959 582 quod
988 509 1036 566 est
1065 523 1200 586 promou-

164 625 168 632 ·
286 590 395 652 lorium
416 587 484 686 agri
504 584 653 668 Rhegini,
685 587 767 648 venti
789 585 987 664 detulissent,
1018 588 1055 650 ab
1079 606 1119 650 eo
1142 589 1200 651 loco

286 671 466 746 conscendi,
494 676 529 732 ut
550 669 799 745 transmitterem;
819 687 877 730 nec
892 669 932 731 itu
950 669 1076 734 multum
1096 689 1200 753 proue-

286 761 362 833 ctus,
383 755 514 816 reiectus
530 758 632 816 austro
649 771 716 816 sum
737 754 770 816 in
785 769 858 817 eum
881 752 979 832 ipsum
998 754 1111 834 locum,
1131 756 1200 818 unde
1239 743 1240 826 l

182 841 189 854 “
256 837 531 902 econsccnderam.
562 835 720 918 Quumque
737 837 914 917 intempesta
931 853 993 898 nox
1010 845 1103 917 esset,
1123 858 1200 916 man·
1239 841 1240 914 t

285 924 454 1003 sissemque
478 922 510 983 in
531 920 603 982 uilla
631 920 663 981 P.
684 919 815 997 Valerii,
848 919 966 982 comitis
992 927 1023 982 et
1051 921 1200 984 familiaris
1239 955 1240 1040 q

284 1006 355 1083 mei,
378 1005 585 1085 postridieque
609 1003 687 1086 apud
709 1003 848 1081 eundem,
870 1009 992 1066 ventum
1018 1014 1201 1087 exspectans,
1239 1043 1240 1076 ,

284 1106 447 1164 manerem,
469 1087 635 1168 municipes
654 1086 784 1168 Rbegini
803 1085 975 1166 complures
993 1087 1032 1150 ad
1047 1107 1098 1150 me
1112 1107 1200 1152 venc—
1239 1081 1240 1136 l

283 1179 373 1247 ruut;
408 1189 448 1233 ex
469 1170 516 1233 bis
535 1169 654 1252 quidam
676 1171 771 1233 Roma
791 1174 942 1247 recentes,
970 1173 1121 1252 aquibus
1142 1174 1200 1254 pri·
1239 1167 1240 1244 ζ

283 1274 363 1319 mum
386 1255 502 1336 accipio
522 1253 561 1316 Μ.
589 1254 714 1316 Antonii
743 1253 935 1329 contionem,
968 1272 1035 1335 quae
1064 1256 1137 1317 mibi
1166 1256 1200 1316 ita
1239 1247 1240 1284 ¹

283 1339 405 1422 placuit,
426 1345 469 1416 ut,
493 1355 530 1400 ea
551 1337 640 1414 lecta,
663 1337 700 1400 de
718 1335 895 1399 reversione
912 1338 1039 1417 primurn
1054 1341 1200 1419 coeperim

156 1497 159 1502 ¹
284 1423 429 1504 cogitare.
475 1420 539 1483 Nec
560 1423 599 1484 ita
621 1422 713 1483 multo
735 1427 807 1502 post
826 1419 955 1483 edictum
979 1420 1063 1483 Bruti
1086 1422 1200 1484 alfemur
1239 1433 1240 1440 ’

283 1512 314 1568 et
335 1503 449 1581 Cassii3
492 1505 573 1587 quod
601 1505 721 1586 quidem
750 1503 841 1579 mibi,
878 1502 1009 1566 fortasse
1039 1505 1121 1586 quod
1153 1523 1200 1567 eos
1239 1559 1240 1566 ,

282 1590 351 1671 plus
376 1590 463 1651 etiam
484 1589 678 1671 reipublicae
699 1606 788 1668 quam
810 1584 1020 1650 familiaritatis
1041 1590 1140 1670 gratia
1157 1589 1200 1650 di·
1239 1587 1240 1592 ’

252 1711 256 1720 ·
283 1674 358 1754 ligo,
377 1673 499 1753 plenum
514 1673 660 1754 aequitatis
676 1670 841 1734 videbatur.
885 1670 1046 1734 Addebant'
1057 1680 1199 1754 praeterea

282 1755 327 1837 (bt
360 1757 439 1816 enim
467 1756 663 1837 plerumque,
696 1761 729 1816 ut
759 1753 798 1832 ii,
835 1755 886 1836 qui
910 1754 983 1817 boni
1006 1756 1079 1837 quid
1101 1757 1199 1818 uolunt
1239 1781 1240 1818 n

281 1839 402 1916 afferre,
424 1838 568 1921 affingant
588 1838 711 1920 aliquid,
740 1855 800 1918 quo
821 1836 932 1901 faciant
951 1838 993 1916 id,
1022 1840 1104 1920 quod
1124 1858 1199 1901 nun-
1239 1845 1240 1916 l

281 1924 365 1998 liant,
388 1923 506 1998 laetius),
535 1940 600 1984 rem
623 1929 855 1996 conventuram3
897 1921 1038 1986 Kalendis
1061 1922 1199 1998 [Sextili-
1239 1953 1240 1998 3

280 2007 377 2081 bus]¹
409 2012 545 2068 senatum
568 2004 756 2086 frequentem
778 2003 862 2080 fore;
905 2005 1081 2086 Antonium,
1109 2023 1199 2086 repu-

281 2089 367 2152 diatis
389 2088 475 2150 malis
499 2088 693 2163 suasoribus,
724 2089 859 2150 remissis
889 2089 1054 2169 provinciis
1087 2089 1197 2161 Galliis,
1239 2157 1240 2172 χ

208 2153 316 2234 lond
341 2171 545 2234 auctoritatem
568 2178 691 2234 senatus
714 2189 783 2234 csse
804 2172 979 2235 rediturum.
1032 2173 1106 2236 'lum
1127 2189 1197 2233 vcro

278 2261 358 2318 tanta
383 2271 448 2316 sum
473 2255 634 2337 cupiditate
658 2256 800 2320 incensus
825 2256 861 2317 ud
890 2255 1038 2334 reditum,
1073 2261 1106 2318 ut
1130 2255 1197 2318 mibi

277 2339 351 2402 nulli
374 2355 473 2418 neque
494 2339 570 2400 remi
591 2341 691 2420 n'eque
711 2331 793 2401 uenti
816 2339 1034 2417 satisfacerent,
1055 2356 1116 2402 non
1140 2355 1195 2420 quo
1239 2335 1240 2338 ’

277 2441 326 2486 me
354 2422 393 2484 ad
422 2429 539 2504 tempus
569 2440 764 2485 occursurum
797 2441 859 2484 non
887 2428 1043 2504 putarem,
1072 2421 1128 2485 sed
1161 2438 1196 2482 ne

275 2507 400 2582 tardius,
420 2525 509 2587 quam
531 2523 682 2586 cuperem,
702 2505 749 2567 rei
771 2505 901 2588 publice
924 2507 1105 2588 gratularer.
1140 2504 1195 2566 At-
1239 2511 1240 2562 t

275 2609 335 2671 que
369 2607 428 2671 ego
462 2591 604 2652 celeriter
638 2589 754 2651 Veliam
790 2589 949 2652 devectus
964 2588 1087 2654 Brutum
1118 2588 1194 2660 vidi;
1239 2611 1240 2616 ¹

275 2678 387 2754 quanto
409 2690 477 2734 meo
501 2673 618 2751 dolore,
644 2690 707 2734 non
729 2673 806 2734 dico.
834 2673 950 2754 .'lurpe
970 2673 1045 2748 nnibi
1067 2672 1124 2755 ipsi
1149 2673 1194 2731 ui-
1239 2719 1240 2734 r

275 2757 418 2833 debatur,
445 2757 475 2818 in
500 2774 566 2819 eam
588 2756 693 2818 urbem
714 2775 762 2818 me
785 2755 896 2818 audere
919 2757 1048 2836 reuerti,
1079 2775 1117 2818 ex
1141 2770 1193 2836 qua
1239 2755 1240 2826 ᾗ

272 2839 380 2902 Brutus
401 2838 541 2917 cederet,
574 2846 603 2901 et
627 2839 668 2902 ibi
689 2839 768 2902 velle
791 2847 854 2902 tuto
877 2857 963 2916 esse,
984 2841 1036 2903 ubi
1061 2841 1114 2902 ille
1136 2855 1191 2901 noo
1239 2829 1240 2890 Ῑ

271 2927 385 3004 posset.
428 2919 533 3006 Neque
550 2942 624 2985 vero
642 2924 723 2985 illum
740 2923 888 3000 similiter,
910 2929 999 3004 atque
1016 2925 1083 3006 ipse
1104 2939 1193 2994 eram,

115 3057 150 3086 Ι,
272 3013 452 3068 commotum
472 3026 540 3070 esse
561 3008 632 3069 vidi.
679 3007 803 3070 Erectus
826 3008 905 3068 enirn
920 3009 1040 3070 maximi
1063 3025 1098 3069 ac
1122 3004 1191 3087 pul·
1239 3021 1240 3076 t

272 3087 413 3151 cherrimi
431 3089 500 3152 faeti
518 3092 564 3153 sui
582 3091 766 3153 conscientia
781 3091 859 3152 nihil
875 3090 912 3154 de
929 3108 985 3152 suo
1003 3111 1085 3168 casu,
1104 3089 1192 3152 multa

226 3173 310 3245 1cde
334 3176 435 3234 vestro
460 3175 651 3253 querebatur.
705 3171 811 3256 Exque
835 3190 873 3234 eo
898 3175 1027 3254 primum
1052 3171 1192 3256 cognovi,

271 3259 338 3339 qbae
357 3255 498 3318 Kalendis
524 3256 686 3322 Sextilibus
709 3259 741 3319 in
765 3262 870 3320 senatu
891 3257 1000 3322 fuisset
1020 3259 1052 3339 L,
1074 3255 1192 3318 Pisonis
1239 3283 1240 3336 q

270 3339 385 3414 oratio;
409 3340 459 3420 qui
485 3359 661 3420 quamquam
683 3359 789 3422 porum
811 3346 876 3402 erat
897 3341 942 3420 (id
963 3343 1043 3404 enim
1065 3337 1188 3421 ipsum²
1239 3351 1240 3376 t

269 3421 290 3485 a'
309 3422 401 3485 Bruto
423 3423 598 3502 audieram),
628 3425 779 3506 aquibus
801 3423 956 3503 debuerat,
989 3426 1114 3502 adiutus,
1145 3427 1189 3482 te-

267 3513 389 3568 men'et
410 3506 493 3569 bruti
516 3507 687 3569 testimonio
710 3507 786 3592 (quo
809 3509 882 3588 quid
904 3515 1003 3590 potest
1024 3525 1094 3570 esse
1115 3522 1186 3586 gra-

267 3589 372 3670 niusf)
412 3597 442 3652 et
467 3591 598 3656 omnium
619 3590 852 3672 predicatione,
884 3609 960 3674 quos
981 3597 1087 3676 postea
1116 3585 1186 3658 vidi,

262 3775 265 3781 ·
305 3763 315 3796 ¹
340 3768 405 3818 cont.
424 3793 456 3806 ·-
475 3771 530 3822 cicc
546 3769 629 3822 unma-
686 3767 699 3800 ¹
718 3769 778 3834 ipro
795 3785 891 3822 errore.
