<?xml version="1.0" encoding="UTF-8"?>
<!DOCTYPE html PUBLIC "-//W3C//DTD XHTML 1.0 Transitional//EN"
    "http://www.w3.org/TR/xhtml1/DTD/xhtml1-transitional.dtd">
<html xmlns="http://www.w3.org/1999/xhtml" xml:lang="en" lang="en">
 <head>
  <title>
</title>
<meta http-equiv="Content-Type" content="text/html;charset=utf-8" />
  <meta name='ocr-system' content='tesseract 3.04.00' />
  <meta name='ocr-capabilities' content='ocr_page ocr_carea ocr_par ocr_line ocrx_word'/>
</head>
<body>
  <div class='ocr_page' id='page_1' title='image "./orationesselect00madvgoog/orationesselect00madvgoog_0274.png"; bbox 0 0 2490 4316; ppageno 0'>
   <div class='ocr_carea' id='block_1_1' title="bbox 244 234 1030 334">
    <p class='ocr_par' dir='ltr' id='par_1_1' title="bbox 244 234 1030 334">
     <span class='ocr_line' id='line_1_1' title="bbox 244 234 1030 334; baseline -0.003 -30"><span class='ocrx_word' id='word_1_1' title='bbox 244 245 521 334; x_wconf 78' lang='lat' dir='ltr'><strong>rararrrrcn</strong></span> <span class='ocrx_word' id='word_1_2' title='bbox 544 234 770 306; x_wconf 75' lang='lat' dir='ltr'><strong>securos.</strong></span> <span class='ocrx_word' id='word_1_3' title='bbox 914 249 965 330; x_wconf 76' lang='lat' dir='ltr'><strong>aar</strong></span> <span class='ocrx_word' id='word_1_4' title='bbox 1025 325 1030 332; x_wconf 29' lang='lat'><em>„</em></span> 
     </span>
    </p>
   </div>
   <div class='ocr_carea' id='block_1_2' title="bbox 48 419 1063 3764">
    <p class='ocr_par' dir='ltr' id='par_1_2' title="bbox 55 419 997 1918">
     <span class='ocr_line' id='line_1_2' title="bbox 64 419 967 504; baseline -0.001 -16"><span class='ocrx_word' id='word_1_5' title='bbox 64 423 174 502; x_wconf 85' lang='lat' dir='ltr'><strong>tilina¹‚</strong></span> <span class='ocrx_word' id='word_1_6' title='bbox 201 419 348 497; x_wconf 76' lang='lat' dir='ltr'><strong>furiosior</strong></span> <span class='ocrx_word' id='word_1_7' title='bbox 368 439 456 504; x_wconf 70' lang='lat' dir='ltr'><strong>mam</strong></span> <span class='ocrx_word' id='word_1_8' title='bbox 476 419 508 484; x_wconf 86' lang='grc' dir='ltr'><strong>Ρ.</strong></span> <span class='ocrx_word' id='word_1_9' title='bbox 531 419 682 486; x_wconf 66' lang='lat' dir='ltr'><strong>Clodius²</strong></span> <span class='ocrx_word' id='word_1_10' title='bbox 707 421 857 502; x_wconf 74' lang='lat' dir='ltr'><strong>viderere,</strong></span> <span class='ocrx_word' id='word_1_11' title='bbox 887 423 967 487; x_wconf 91' lang='lat' dir='ltr'><strong>ultro</strong></span> 
     </span>
     <span class='ocr_line' id='line_1_3' title="bbox 62 501 968 586; baseline 0.001 -17"><span class='ocrx_word' id='word_1_12' title='bbox 62 525 104 569; x_wconf 90' lang='lat' dir='ltr'><strong>me</strong></span> <span class='ocrx_word' id='word_1_13' title='bbox 124 501 286 569; x_wconf 90' lang='lat' dir='ltr'><strong>maledictis</strong></span> <span class='ocrx_word' id='word_1_14' title='bbox 310 505 459 570; x_wconf 77' lang='lat' dir='ltr'><strong>lacessisti</strong></span> <span class='ocrx_word' id='word_1_15' title='bbox 481 509 619 586; x_wconf 88' lang='lat' dir='ltr'><strong>tuamque</strong></span> <span class='ocrx_word' id='word_1_16' title='bbox 641 525 659 568; x_wconf 92' lang='lat' dir='ltr'><strong>a</strong></span> <span class='ocrx_word' id='word_1_17' title='bbox 679 523 728 584; x_wconf 90' lang='lat' dir='ltr'><strong>me</strong></span> <span class='ocrx_word' id='word_1_18' title='bbox 756 506 968 570; x_wconf 81' lang='lat' dir='ltr'><strong>alienationem</strong></span> 
     </span>
     <span class='ocr_line' id='line_1_4' title="bbox 56 588 967 687; baseline 0 -35"><span class='ocrx_word' id='word_1_19' title='bbox 56 589 334 652; x_wconf 90' lang='lat' dir='ltr'><strong>commendationem</strong></span> <span class='ocrx_word' id='word_1_20' title='bbox 356 588 408 651; x_wconf 93' lang='lat' dir='ltr'><strong>tibi</strong></span> <span class='ocrx_word' id='word_1_21' title='bbox 430 588 468 651; x_wconf 91' lang='lat' dir='ltr'><strong>ad</strong></span> <span class='ocrx_word' id='word_1_22' title='bbox 492 589 598 670; x_wconf 90' lang='lat' dir='ltr'><strong>impios</strong></span> <span class='ocrx_word' id='word_1_23' title='bbox 621 589 703 651; x_wconf 87' lang='lat' dir='ltr'><strong>cives</strong></span> <span class='ocrx_word' id='word_1_24' title='bbox 725 589 794 652; x_wconf 86' lang='lat' dir='ltr'><strong>fore</strong></span> <span class='ocrx_word' id='word_1_25' title='bbox 817 591 967 687; x_wconf 80' lang='lat' dir='ltr'><strong>putavisti.</strong></span> 
     </span>
     <span class='ocr_line' id='line_1_5' title="bbox 62 669 997 755; baseline 0.001 -19"><span class='ocrx_word' id='word_1_26' title='bbox 62 672 130 746; x_wconf 83' lang='lat' dir='ltr'><strong>Quid</strong></span> <span class='ocrx_word' id='word_1_27' title='bbox 151 673 277 755; x_wconf 83' lang='lat' dir='ltr'><strong>putem?</strong></span> <span class='ocrx_word' id='word_1_28' title='bbox 326 669 572 755; x_wconf 86' lang='lat' dir='ltr'><strong>Contemptumne</strong></span> <span class='ocrx_word' id='word_1_29' title='bbox 594 671 668 734; x_wconf 81' lang='lat' dir='ltr'><strong>me?</strong></span> <span class='ocrx_word' id='word_1_30' title='bbox 711 671 777 738; x_wconf 91' lang='lat' dir='ltr'><strong>Non</strong></span> <span class='ocrx_word' id='word_1_31' title='bbox 800 671 888 735; x_wconf 83' lang='lat' dir='ltr'><strong>ardeo</strong></span> <span class='ocrx_word' id='word_1_32' title='bbox 910 679 997 736; x_wconf 69' lang='lat' dir='ltr'><strong>necti</strong></span> 
     </span>
     <span class='ocr_line' id='line_1_6' title="bbox 60 755 968 838; baseline 0.001 -20"><span class='ocrx_word' id='word_1_33' title='bbox 60 756 93 818; x_wconf 89' lang='lat' dir='ltr'><strong>in</strong></span> <span class='ocrx_word' id='word_1_34' title='bbox 108 755 164 818; x_wconf 84' lang='lat' dir='ltr'><strong>vita</strong></span> <span class='ocrx_word' id='word_1_35' title='bbox 186 773 243 818; x_wconf 91' lang='lat' dir='ltr'><strong>nec</strong></span> <span class='ocrx_word' id='word_1_36' title='bbox 273 755 304 818; x_wconf 92' lang='lat' dir='ltr'><strong>in</strong></span> <span class='ocrx_word' id='word_1_37' title='bbox 333 755 431 838; x_wconf 76' lang='lat' dir='ltr'><strong>gratia</strong></span> <span class='ocrx_word' id='word_1_38' title='bbox 461 773 519 818; x_wconf 89' lang='lat' dir='ltr'><strong>nec</strong></span> <span class='ocrx_word' id='word_1_39' title='bbox 547 755 579 818; x_wconf 90' lang='lat' dir='ltr'><strong>in</strong></span> <span class='ocrx_word' id='word_1_40' title='bbox 606 755 710 819; x_wconf 57' lang='lat' dir='ltr'><strong>rebus*</strong></span> <span class='ocrx_word' id='word_1_41' title='bbox 726 757 822 838; x_wconf 81' lang='lat' dir='ltr'><strong>gestis</strong></span> <span class='ocrx_word' id='word_1_42' title='bbox 850 775 907 819; x_wconf 91' lang='lat' dir='ltr'><strong>nec</strong></span> <span class='ocrx_word' id='word_1_43' title='bbox 935 757 968 820; x_wconf 89' lang='lat' dir='ltr'><strong>in</strong></span> 
     </span>
     <span class='ocr_line' id='line_1_7' title="bbox 59 838 969 922; baseline 0.002 -22"><span class='ocrx_word' id='word_1_44' title='bbox 59 839 109 900; x_wconf 89' lang='lat' dir='ltr'><strong>hac</strong></span> <span class='ocrx_word' id='word_1_45' title='bbox 128 857 192 902; x_wconf 91' lang='lat' dir='ltr'><strong>mea</strong></span> <span class='ocrx_word' id='word_1_46' title='bbox 213 838 419 901; x_wconf 83' lang='lat' dir='ltr'><strong>mediocritate</strong></span> <span class='ocrx_word' id='word_1_47' title='bbox 440 838 572 921; x_wconf 80' lang='lat' dir='ltr'><strong>ingenii,</strong></span> <span class='ocrx_word' id='word_1_48' title='bbox 596 838 668 920; x_wconf 87' lang='lat' dir='ltr'><strong>quid</strong></span> <span class='ocrx_word' id='word_1_49' title='bbox 690 839 848 921; x_wconf 81' lang='lat' dir='ltr'><strong>despicere</strong></span> <span class='ocrx_word' id='word_1_50' title='bbox 871 840 969 922; x_wconf 89' lang='lat' dir='ltr'><strong>possit</strong></span> 
     </span>
     <span class='ocr_line' id='line_1_8' title="bbox 59 919 968 988; baseline 0.006 -5"><span class='ocrx_word' id='word_1_51' title='bbox 59 921 206 985; x_wconf 80' lang='lat' dir='ltr'><strong>Antonius.</strong></span> <span class='ocrx_word' id='word_1_52' title='bbox 263 919 312 984; x_wconf 83' lang='lat' dir='ltr'><strong>An</strong></span> <span class='ocrx_word' id='word_1_53' title='bbox 340 922 371 984; x_wconf 90' lang='lat' dir='ltr'><strong>iu</strong></span> <span class='ocrx_word' id='word_1_54' title='bbox 400 928 505 984; x_wconf 89' lang='lat' dir='ltr'><strong>senatu</strong></span> <span class='ocrx_word' id='word_1_55' title='bbox 534 921 675 986; x_wconf 83' lang='lat' dir='ltr'><strong>facillime</strong></span> <span class='ocrx_word' id='word_1_56' title='bbox 706 921 743 984; x_wconf 91' lang='lat' dir='ltr'><strong>de</strong></span> <span class='ocrx_word' id='word_1_57' title='bbox 773 942 821 985; x_wconf 92' lang='lat' dir='ltr'><strong>me</strong></span> <span class='ocrx_word' id='word_1_58' title='bbox 853 921 968 988; x_wconf 85' lang='lat' dir='ltr'><strong>detrahi</strong></span> 
     </span>
     <span class='ocr_line' id='line_1_9' title="bbox 59 1004 967 1087; baseline 0.003 -21"><span class='ocrx_word' id='word_1_59' title='bbox 59 1023 140 1086; x_wconf 88' lang='lat' dir='ltr'><strong>posse</strong></span> <span class='ocrx_word' id='word_1_60' title='bbox 169 1004 319 1068; x_wconf 88' lang='lat' dir='ltr'><strong>credidit‘l</strong></span> <span class='ocrx_word' id='word_1_61' title='bbox 363 1005 415 1087; x_wconf 89' lang='lat' dir='ltr'><strong>qui</strong></span> <span class='ocrx_word' id='word_1_62' title='bbox 445 1005 523 1068; x_wconf 92' lang='lat' dir='ltr'><strong>crdo</strong></span> <span class='ocrx_word' id='word_1_63' title='bbox 546 1005 721 1068; x_wconf 88' lang='lat' dir='ltr'><strong>clarissimis</strong></span> <span class='ocrx_word' id='word_1_64' title='bbox 744 1005 860 1070; x_wconf 86' lang='lat' dir='ltr'><strong>civibus</strong></span> <span class='ocrx_word' id='word_1_65' title='bbox 887 1007 967 1069; x_wconf 86' lang='lat' dir='ltr'><strong>benc</strong></span> 
     </span>
     <span class='ocr_line' id='line_1_10' title="bbox 58 1085 967 1170; baseline 0.002 -20"><span class='ocrx_word' id='word_1_66' title='bbox 58 1094 140 1169; x_wconf 77' lang='lat' dir='ltr'><strong>geste</strong></span> <span class='ocrx_word' id='word_1_67' title='bbox 159 1089 205 1151; x_wconf 89' lang='lat' dir='ltr'><strong>rei</strong></span> <span class='ocrx_word' id='word_1_68' title='bbox 227 1087 357 1170; x_wconf 83' lang='lat' dir='ltr'><strong>publicae</strong></span> <span class='ocrx_word' id='word_1_69' title='bbox 375 1087 576 1152; x_wconf 86' lang='lat' dir='ltr'><strong>testimonium</strong></span> <span class='ocrx_word' id='word_1_70' title='bbox 599 1085 710 1167; x_wconf 87' lang='lat' dir='ltr'><strong>multis,</strong></span> <span class='ocrx_word' id='word_1_71' title='bbox 733 1089 805 1152; x_wconf 93' lang='lat' dir='ltr'><strong>mihi</strong></span> <span class='ocrx_word' id='word_1_72' title='bbox 822 1089 873 1152; x_wconf 90' lang='lat' dir='ltr'><strong>uni</strong></span> <span class='ocrx_word' id='word_1_73' title='bbox 889 1108 967 1152; x_wconf 87' lang='lat' dir='ltr'><strong>corr-</strong></span> 
     </span>
     <span class='ocr_line' id='line_1_11' title="bbox 58 1169 968 1236; baseline 0.002 -4"><span class='ocrx_word' id='word_1_74' title='bbox 58 1177 173 1235; x_wconf 79' lang='lat' dir='ltr'><strong>servatc</strong></span> <span class='ocrx_word' id='word_1_75' title='bbox 194 1170 285 1234; x_wconf 90' lang='lat' dir='ltr'><strong>dedit.</strong></span> <span class='ocrx_word' id='word_1_76' title='bbox 330 1170 381 1234; x_wconf 84' lang='lat' dir='ltr'><strong>An</strong></span> <span class='ocrx_word' id='word_1_77' title='bbox 404 1169 560 1234; x_wconf 92' lang='lat' dir='ltr'><strong>decertare</strong></span> <span class='ocrx_word' id='word_1_78' title='bbox 582 1188 698 1234; x_wconf 91' lang='lat' dir='ltr'><strong>mecum</strong></span> <span class='ocrx_word' id='word_1_79' title='bbox 723 1171 817 1236; x_wconf 90' lang='lat' dir='ltr'><strong>voluit</strong></span> <span class='ocrx_word' id='word_1_80' title='bbox 837 1178 968 1234; x_wconf 89' lang='lat' dir='ltr'><strong>conten-</strong></span> 
     </span>
     <span class='ocr_line' id='line_1_12' title="bbox 57 1253 968 1335; baseline 0.008 -21"><span class='ocrx_word' id='word_1_81' title='bbox 57 1254 129 1318; x_wconf 84' lang='lat' dir='ltr'><strong>tione</strong></span> <span class='ocrx_word' id='word_1_82' title='bbox 157 1253 302 1318; x_wconf 81' lang='lat' dir='ltr'><strong>dicendi?</strong></span> <span class='ocrx_word' id='word_1_83' title='bbox 345 1253 411 1316; x_wconf 89' lang='lat' dir='ltr'><strong>lloc</strong></span> <span class='ocrx_word' id='word_1_84' title='bbox 436 1254 556 1335; x_wconf 89' lang='lat' dir='ltr'><strong>quidem</strong></span> <span class='ocrx_word' id='word_1_85' title='bbox 582 1254 760 1319; x_wconf 85' lang='lat' dir='ltr'><strong>beneficium</strong></span> <span class='ocrx_word' id='word_1_86' title='bbox 791 1261 846 1320; x_wconf 85' lang='lat' dir='ltr'><strong>est.</strong></span> <span class='ocrx_word' id='word_1_87' title='bbox 889 1253 968 1330; x_wconf 84' lang='lat' dir='ltr'><strong>Quid</strong></span> 
     </span>
     <span class='ocr_line' id='line_1_13' title="bbox 58 1337 968 1422; baseline 0.004 -24"><span class='ocrx_word' id='word_1_88' title='bbox 58 1337 126 1400; x_wconf 90' lang='lat' dir='ltr'><strong>enim</strong></span> <span class='ocrx_word' id='word_1_89' title='bbox 147 1338 284 1419; x_wconf 85' lang='lat' dir='ltr'><strong>plenius,</strong></span> <span class='ocrx_word' id='word_1_90' title='bbox 319 1337 390 1420; x_wconf 88' lang='lat' dir='ltr'><strong>quid</strong></span> <span class='ocrx_word' id='word_1_91' title='bbox 411 1337 552 1417; x_wconf 89' lang='lat' dir='ltr'><strong>uberius,</strong></span> <span class='ocrx_word' id='word_1_92' title='bbox 585 1356 673 1422; x_wconf 81' lang='lat' dir='ltr'><strong>quam</strong></span> <span class='ocrx_word' id='word_1_93' title='bbox 694 1338 768 1401; x_wconf 94' lang='lat' dir='ltr'><strong>mihi</strong></span> <span class='ocrx_word' id='word_1_94' title='bbox 791 1343 821 1401; x_wconf 91' lang='lat' dir='ltr'><strong>et</strong></span> <span class='ocrx_word' id='word_1_95' title='bbox 840 1355 898 1422; x_wconf 86' lang='lat' dir='ltr'><strong>pro</strong></span> <span class='ocrx_word' id='word_1_96' title='bbox 918 1355 968 1402; x_wconf 87' lang='lat' dir='ltr'><strong>me</strong></span> 
     </span>
     <span class='ocr_line' id='line_1_14' title="bbox 56 1419 968 1504; baseline 0.004 -24"><span class='ocrx_word' id='word_1_97' title='bbox 56 1425 82 1481; x_wconf 94' lang='lat' dir='ltr'><strong>et</strong></span> <span class='ocrx_word' id='word_1_98' title='bbox 100 1428 199 1484; x_wconf 91' lang='lat' dir='ltr'><strong>contra</strong></span> <span class='ocrx_word' id='word_1_99' title='bbox 219 1419 381 1484; x_wconf 84' lang='lat' dir='ltr'><strong>Antonium</strong></span> <span class='ocrx_word' id='word_1_100' title='bbox 405 1419 535 1484; x_wconf 81' lang='lat' dir='ltr'><strong>dicere?</strong></span> <span class='ocrx_word' id='word_1_101' title='bbox 561 1419 637 1484; x_wconf 92' lang='lat' dir='ltr'><strong>lllud</strong></span> <span class='ocrx_word' id='word_1_102' title='bbox 653 1421 791 1504; x_wconf 88' lang='lat' dir='ltr'><strong>profecto</strong></span> <span class='ocrx_word' id='word_1_103' title='bbox 813 1427 876 1486; x_wconf 89' lang='lat' dir='ltr'><strong>est:</strong></span> <span class='ocrx_word' id='word_1_104' title='bbox 905 1440 968 1488; x_wconf 90' lang='lat' dir='ltr'><strong>non</strong></span> 
     </span>
     <span class='ocr_line' id='line_1_15' title="bbox 56 1502 968 1588; baseline 0.004 -24"><span class='ocrx_word' id='word_1_105' title='bbox 56 1503 240 1582; x_wconf 82' lang='lat' dir='ltr'><strong>existimarit,</strong></span> <span class='ocrx_word' id='word_1_106' title='bbox 280 1504 327 1566; x_wconf 89' lang='lat' dir='ltr'><strong>sui</strong></span> <span class='ocrx_word' id='word_1_107' title='bbox 359 1502 505 1567; x_wconf 88' lang='lat' dir='ltr'><strong>similibus</strong></span> <span class='ocrx_word' id='word_1_108' title='bbox 533 1504 657 1586; x_wconf 87' lang='lat' dir='ltr'><strong>probari</strong></span> <span class='ocrx_word' id='word_1_109' title='bbox 686 1522 798 1588; x_wconf 88' lang='lat' dir='ltr'><strong>posse,</strong></span> <span class='ocrx_word' id='word_1_110' title='bbox 833 1523 868 1568; x_wconf 92' lang='lat' dir='ltr'><strong>se</strong></span> <span class='ocrx_word' id='word_1_111' title='bbox 897 1522 968 1568; x_wconf 89' lang='lat' dir='ltr'><strong>esse</strong></span> 
     </span>
     <span class='ocr_line' id='line_1_16' title="bbox 55 1583 995 1671; baseline 0.004 -25"><span class='ocrx_word' id='word_1_112' title='bbox 55 1583 159 1650; x_wconf 87' lang='lat' dir='ltr'><strong>bostem</strong></span> <span class='ocrx_word' id='word_1_113' title='bbox 180 1587 297 1671; x_wconf 84' lang='lat' dir='ltr'><strong>patriae,</strong></span> <span class='ocrx_word' id='word_1_114' title='bbox 318 1585 377 1649; x_wconf 90' lang='lat' dir='ltr'><strong>nisi</strong></span> <span class='ocrx_word' id='word_1_115' title='bbox 400 1587 473 1649; x_wconf 92' lang='lat' dir='ltr'><strong>mihi</strong></span> <span class='ocrx_word' id='word_1_116' title='bbox 495 1594 577 1652; x_wconf 88' lang='lat' dir='ltr'><strong>esset</strong></span> <span class='ocrx_word' id='word_1_117' title='bbox 593 1587 741 1650; x_wconf 92' lang='lat' dir='ltr'><strong>inimicus.</strong></span> <span class='ocrx_word' id='word_1_118' title='bbox 767 1586 841 1650; x_wconf 86' lang='lat' dir='ltr'><strong>.Cui</strong></span> <span class='ocrx_word' id='word_1_119' title='bbox 861 1588 995 1670; x_wconf 74' lang='lat' dir='ltr'><strong>prius-3</strong></span> 
     </span>
     <span class='ocr_line' id='line_1_17' title="bbox 56 1669 967 1754; baseline 0 -22"><span class='ocrx_word' id='word_1_120' title='bbox 56 1687 134 1750; x_wconf 86' lang='lat' dir='ltr'><strong>quam</strong></span> <span class='ocrx_word' id='word_1_121' title='bbox 154 1670 191 1733; x_wconf 93' lang='lat' dir='ltr'><strong>de</strong></span> <span class='ocrx_word' id='word_1_122' title='bbox 212 1669 432 1734; x_wconf 90' lang='lat' dir='ltr'><strong>ceteris·rebus</strong></span> <span class='ocrx_word' id='word_1_123' title='bbox 453 1669 637 1752; x_wconf 86' lang='lat' dir='ltr'><strong>respondeo,</strong></span> <span class='ocrx_word' id='word_1_124' title='bbox 658 1669 856 1749; x_wconf 89' lang='lat' dir='ltr'><strong>deamicitia,</strong></span> <span class='ocrx_word' id='word_1_125' title='bbox 877 1689 967 1754; x_wconf 85' lang='lat' dir='ltr'><strong>quam</strong></span> 
     </span>
     <span class='ocr_line' id='line_1_18' title="bbox 56 1752 967 1838; baseline 0.005 -26"><span class='ocrx_word' id='word_1_126' title='bbox 56 1769 133 1814; x_wconf 90' lang='lat' dir='ltr'><strong>ame</strong></span> <span class='ocrx_word' id='word_1_127' title='bbox 155 1754 294 1818; x_wconf 79' lang='lat' dir='ltr'><strong>violatam</strong></span> <span class='ocrx_word' id='word_1_128' title='bbox 319 1771 388 1816; x_wconf 90' lang='lat' dir='ltr'><strong>esse</strong></span> <span class='ocrx_word' id='word_1_129' title='bbox 410 1753 581 1816; x_wconf 90' lang='lat' dir='ltr'><strong>criminatus</strong></span> <span class='ocrx_word' id='word_1_130' title='bbox 605 1760 670 1830; x_wconf 93' lang='lat' dir='ltr'><strong>est,</strong></span> <span class='ocrx_word' id='word_1_131' title='bbox 704 1752 786 1836; x_wconf 88' lang='lat' dir='ltr'><strong>quod</strong></span> <span class='ocrx_word' id='word_1_132' title='bbox 809 1771 967 1838; x_wconf 63' lang='lat' dir='ltr'><strong>egogra-</strong></span> 
     </span>
     <span class='ocr_line' id='line_1_19' title="bbox 56 1833 712 1918; baseline 0.006 -22"><span class='ocrx_word' id='word_1_133' title='bbox 56 1833 196 1900; x_wconf 88' lang='lat' dir='ltr'><strong>vissimum</strong></span> <span class='ocrx_word' id='word_1_134' title='bbox 216 1837 332 1900; x_wconf 90' lang='lat' dir='ltr'><strong>crimen</strong></span> <span class='ocrx_word' id='word_1_135' title='bbox 352 1835 464 1915; x_wconf 89' lang='lat' dir='ltr'><strong>iudico,</strong></span> <span class='ocrx_word' id='word_1_136' title='bbox 487 1855 584 1918; x_wconf 91' lang='lat' dir='ltr'><strong>pauca</strong></span> <span class='ocrx_word' id='word_1_137' title='bbox 606 1837 712 1900; x_wconf 87' lang='lat' dir='ltr'><strong>dicam.</strong></span> 
     </span>
    </p>

    <p class='ocr_par' dir='ltr' id='par_1_3' title="bbox 48 1911 1063 3764">
     <span class='ocr_line' id='line_1_20' title="bbox 135 1911 1038 2002; baseline 0.001 -20"><span class='ocrx_word' id='word_1_138' title='bbox 135 1918 248 1985; x_wconf 85' lang='lat' dir='ltr'><strong>Contra</strong></span> <span class='ocrx_word' id='word_1_139' title='bbox 268 1937 332 1983; x_wconf 86' lang='lat' dir='ltr'><strong>rem</strong></span> <span class='ocrx_word' id='word_1_140' title='bbox 354 1938 438 1983; x_wconf 91' lang='lat' dir='ltr'><strong>suam</strong></span> <span class='ocrx_word' id='word_1_141' title='bbox 461 1938 528 2000; x_wconf 90' lang='lat' dir='ltr'><strong>me,</strong></span> <span class='ocrx_word' id='word_1_142' title='bbox 557 1916 661 1986; x_wconf 90' lang='lat' dir='ltr'><strong>nescio</strong></span> <span class='ocrx_word' id='word_1_143' title='bbox 683 1919 821 2002; x_wconf 86' lang='lat' dir='ltr'><strong>quaudo,</strong></span> <span class='ocrx_word' id='word_1_144' title='bbox 843 1921 966 1984; x_wconf 88' lang='lat' dir='ltr'><strong>venisse</strong></span> <span class='ocrx_word' id='word_1_145' title='bbox 1012 1911 1038 1983; x_wconf 77' lang='lat'>2</span> 
     </span>
     <span class='ocr_line' id='line_1_21' title="bbox 56 2002 966 2088; baseline 0.005 -26"><span class='ocrx_word' id='word_1_146' title='bbox 56 2007 167 2081; x_wconf 85' lang='lat' dir='ltr'><strong>questus</strong></span> <span class='ocrx_word' id='word_1_147' title='bbox 196 2009 254 2067; x_wconf 89' lang='lat' dir='ltr'><strong>est.</strong></span> <span class='ocrx_word' id='word_1_148' title='bbox 298 2002 348 2066; x_wconf 83' lang='lat' dir='ltr'><strong>An</strong></span> <span class='ocrx_word' id='word_1_149' title='bbox 377 2019 438 2088; x_wconf 80' lang='lat' dir='ltr'><strong>ego</strong></span> <span class='ocrx_word' id='word_1_150' title='bbox 465 2017 527 2067; x_wconf 89' lang='lat' dir='ltr'><strong>non</strong></span> <span class='ocrx_word' id='word_1_151' title='bbox 550 2003 683 2069; x_wconf 86' lang='lat' dir='ltr'><strong>venirem</strong></span> <span class='ocrx_word' id='word_1_152' title='bbox 707 2009 810 2068; x_wconf 89' lang='lat' dir='ltr'><strong>contra</strong></span> <span class='ocrx_word' id='word_1_153' title='bbox 835 2004 966 2068; x_wconf 90' lang='lat' dir='ltr'><strong>alienum</strong></span> 
     </span>
     <span class='ocr_line' id='line_1_22' title="bbox 54 2085 967 2166; baseline 0.007 -22"><span class='ocrx_word' id='word_1_154' title='bbox 54 2102 103 2166; x_wconf 90' lang='lat' dir='ltr'><strong>pro</strong></span> <span class='ocrx_word' id='word_1_155' title='bbox 127 2085 269 2150; x_wconf 83' lang='lat' dir='ltr'><strong>familiari</strong></span> <span class='ocrx_word' id='word_1_156' title='bbox 298 2093 328 2148; x_wconf 92' lang='lat' dir='ltr'><strong>et</strong></span> <span class='ocrx_word' id='word_1_157' title='bbox 359 2085 558 2150; x_wconf 83' lang='lat' dir='ltr'><strong>necessario?</strong></span> <span class='ocrx_word' id='word_1_158' title='bbox 604 2105 666 2150; x_wconf 90' lang='lat' dir='ltr'><strong>non</strong></span> <span class='ocrx_word' id='word_1_159' title='bbox 696 2087 831 2152; x_wconf 86' lang='lat' dir='ltr'><strong>venirem</strong></span> <span class='ocrx_word' id='word_1_160' title='bbox 859 2095 967 2152; x_wconf 87' lang='lat' dir='ltr'><strong>contra</strong></span> 
     </span>
     <span class='ocr_line' id='line_1_23' title="bbox 53 2169 965 2256; baseline 0.004 -26"><span class='ocrx_word' id='word_1_161' title='bbox 53 2169 167 2248; x_wconf 79' lang='lat' dir='ltr'><strong>gratiam</strong></span> <span class='ocrx_word' id='word_1_162' title='bbox 188 2188 251 2234; x_wconf 92' lang='lat' dir='ltr'><strong>non</strong></span> <span class='ocrx_word' id='word_1_163' title='bbox 273 2169 389 2234; x_wconf 91' lang='lat' dir='ltr'><strong>virtutis</strong></span> <span class='ocrx_word' id='word_1_164' title='bbox 410 2187 477 2252; x_wconf 89' lang='lat' dir='ltr'><strong>spe,</strong></span> <span class='ocrx_word' id='word_1_165' title='bbox 497 2169 552 2234; x_wconf 89' lang='lat' dir='ltr'><strong>sed</strong></span> <span class='ocrx_word' id='word_1_166' title='bbox 570 2170 665 2234; x_wconf 82' lang='lat' dir='ltr'><strong>atatis</strong></span> <span class='ocrx_word' id='word_1_167' title='bbox 686 2170 763 2234; x_wconf 88' lang='lat' dir='ltr'><strong>flore</strong></span> <span class='ocrx_word' id='word_1_168' title='bbox 782 2169 965 2256; x_wconf 85' lang='lat' dir='ltr'><strong>collectam?</strong></span> 
     </span>
     <span class='ocr_line' id='line_1_24' title="bbox 53 2252 967 2337; baseline 0.007 -26"><span class='ocrx_word' id='word_1_169' title='bbox 53 2267 107 2313; x_wconf 93' lang='lat' dir='ltr'><strong>non</strong></span> <span class='ocrx_word' id='word_1_170' title='bbox 129 2255 261 2318; x_wconf 84' lang='lat' dir='ltr'><strong>venirem</strong></span> <span class='ocrx_word' id='word_1_171' title='bbox 283 2259 387 2316; x_wconf 93' lang='lat' dir='ltr'><strong>contra</strong></span> <span class='ocrx_word' id='word_1_172' title='bbox 408 2252 558 2331; x_wconf 87' lang='lat' dir='ltr'><strong>iniuriam,</strong></span> <span class='ocrx_word' id='word_1_173' title='bbox 576 2273 664 2337; x_wconf 85' lang='lat' dir='ltr'><strong>quam</strong></span> <span class='ocrx_word' id='word_1_174' title='bbox 680 2255 738 2316; x_wconf 87' lang='lat' dir='ltr'><strong>iste</strong></span> <span class='ocrx_word' id='word_1_175' title='bbox 754 2255 967 2319; x_wconf 85' lang='lat' dir='ltr'><strong>intercessoris</strong></span> 
     </span>
     <span class='ocr_line' id='line_1_25' title="bbox 54 2331 966 2420; baseline 0.005 -26"><span class='ocrx_word' id='word_1_176' title='bbox 54 2331 90 2396; x_wconf 93' lang='lat' dir='ltr'><strong>ini</strong></span> <span class='ocrx_word' id='word_1_177' title='bbox 110 2337 222 2400; x_wconf 90' lang='lat' dir='ltr'><strong>uissimi</strong></span> <span class='ocrx_word' id='word_1_178' title='bbox 253 2335 401 2400; x_wconf 84' lang='lat' dir='ltr'><strong>beneficio</strong></span> <span class='ocrx_word' id='word_1_179' title='bbox 430 2335 574 2414; x_wconf 84' lang='lat' dir='ltr'><strong>obtinuit,</strong></span> <span class='ocrx_word' id='word_1_180' title='bbox 610 2354 673 2398; x_wconf 89' lang='lat' dir='ltr'><strong>non</strong></span> <span class='ocrx_word' id='word_1_181' title='bbox 700 2337 767 2399; x_wconf 91' lang='lat' dir='ltr'><strong>iure</strong></span> <span class='ocrx_word' id='word_1_182' title='bbox 796 2337 966 2420; x_wconf 78' lang='lat' dir='ltr'><strong>pretorio?</strong></span> 
     </span>
     <span class='ocr_line' id='line_1_26' title="bbox 54 2354 966 2511; baseline 0.004 -33"><span class='ocrx_word' id='word_1_183' title='bbox 54 2354 110 2511; x_wconf 59' lang='grc' dir='ltr'><strong>Ο893</strong></span> <span class='ocrx_word' id='word_1_184' title='bbox 134 2420 191 2483; x_wconf 89' lang='lat' dir='ltr'><strong>hoo</strong></span> <span class='ocrx_word' id='word_1_185' title='bbox 222 2419 337 2483; x_wconf 93' lang='lat' dir='ltr'><strong>idcirco</strong></span> <span class='ocrx_word' id='word_1_186' title='bbox 369 2425 670 2505; x_wconf 85' lang='lat' dir='ltr'><strong>commemoratuma</strong></span> <span class='ocrx_word' id='word_1_187' title='bbox 698 2425 729 2482; x_wconf 92' lang='lat' dir='ltr'><strong>te</strong></span> <span class='ocrx_word' id='word_1_188' title='bbox 755 2427 846 2502; x_wconf 87' lang='lat' dir='ltr'><strong>puto,</strong></span> <span class='ocrx_word' id='word_1_189' title='bbox 878 2429 912 2484; x_wconf 92' lang='lat' dir='ltr'><strong>ut</strong></span> <span class='ocrx_word' id='word_1_190' title='bbox 935 2427 966 2482; x_wconf 91' lang='lat' dir='ltr'><strong>te</strong></span> 
     </span>
     <span class='ocr_line' id='line_1_27' title="bbox 53 2499 965 2584; baseline 0.004 -24"><span class='ocrx_word' id='word_1_191' title='bbox 53 2499 142 2566; x_wconf 80' lang='lat' dir='ltr'><strong>animo</strong></span> <span class='ocrx_word' id='word_1_192' title='bbox 166 2503 266 2568; x_wconf 93' lang='lat' dir='ltr'><strong>ordini</strong></span> <span class='ocrx_word' id='word_1_193' title='bbox 291 2501 528 2579; x_wconf 87' lang='lat' dir='ltr'><strong>commendares,</strong></span> <span class='ocrx_word' id='word_1_194' title='bbox 562 2520 652 2584; x_wconf 89' lang='lat' dir='ltr'><strong>quum</strong></span> <span class='ocrx_word' id='word_1_195' title='bbox 673 2509 704 2568; x_wconf 93' lang='lat' dir='ltr'><strong>te</strong></span> <span class='ocrx_word' id='word_1_196' title='bbox 725 2521 831 2566; x_wconf 91' lang='lat' dir='ltr'><strong>omnes</strong></span> <span class='ocrx_word' id='word_1_197' title='bbox 854 2520 965 2567; x_wconf 90' lang='lat' dir='ltr'><strong>recor-</strong></span> 
     </span>
     <span class='ocr_line' id='line_1_28' title="bbox 54 2581 965 2668; baseline 0.008 -25"><span class='ocrx_word' id='word_1_198' title='bbox 54 2581 184 2650; x_wconf 88' lang='lat' dir='ltr'><strong>darentur</strong></span> <span class='ocrx_word' id='word_1_199' title='bbox 218 2586 352 2650; x_wconf 89' lang='lat' dir='ltr'><strong>libertini</strong></span> <span class='ocrx_word' id='word_1_200' title='bbox 383 2603 529 2668; x_wconf 83' lang='lat' dir='ltr'><strong>generum</strong></span> <span class='ocrx_word' id='word_1_201' title='bbox 560 2590 590 2648; x_wconf 91' lang='lat' dir='ltr'><strong>et</strong></span> <span class='ocrx_word' id='word_1_202' title='bbox 610 2586 724 2650; x_wconf 90' lang='lat' dir='ltr'><strong>liberos</strong></span> <span class='ocrx_word' id='word_1_203' title='bbox 744 2593 813 2650; x_wconf 89' lang='lat' dir='ltr'><strong>tuos</strong></span> <span class='ocrx_word' id='word_1_204' title='bbox 838 2591 965 2668; x_wconf 90' lang='lat' dir='ltr'><strong>nepotes</strong></span> 
     </span>
     <span class='ocr_line' id='line_1_29' title="bbox 55 2663 1041 2751; baseline 0.003 -21"><span class='ocrx_word' id='word_1_205' title='bbox 55 2663 84 2737; x_wconf 86' lang='lat' dir='ltr'><strong>ll.</strong></span> <span class='ocrx_word' id='word_1_206' title='bbox 103 2669 200 2751; x_wconf 88' lang='lat' dir='ltr'><strong>Fadii,</strong></span> <span class='ocrx_word' id='word_1_207' title='bbox 226 2669 359 2734; x_wconf 91' lang='lat' dir='ltr'><strong>libertini</strong></span> <span class='ocrx_word' id='word_1_208' title='bbox 380 2669 529 2748; x_wconf 87' lang='lat' dir='ltr'><strong>bominis,</strong></span> <span class='ocrx_word' id='word_1_209' title='bbox 563 2667 668 2732; x_wconf 90' lang='lat' dir='ltr'><strong>fuisse.</strong></span> <span class='ocrx_word' id='word_1_210' title='bbox 715 2667 755 2731; x_wconf 75' lang='lat' dir='ltr'><strong>dt</strong></span> <span class='ocrx_word' id='word_1_211' title='bbox 778 2671 858 2733; x_wconf 90' lang='lat' dir='ltr'><strong>enim</strong></span> <span class='ocrx_word' id='word_1_212' title='bbox 880 2676 911 2734; x_wconf 91' lang='lat' dir='ltr'><strong>te</strong></span> <span class='ocrx_word' id='word_1_213' title='bbox 933 2670 966 2733; x_wconf 90' lang='lat' dir='ltr'><strong>in</strong></span> <span class='ocrx_word' id='word_1_214' title='bbox 1038 2729 1041 2743; x_wconf 85' lang='grc'>,</span> 
     </span>
     <span class='ocr_line' id='line_1_30' title="bbox 53 2747 965 2835; baseline 0.01 -25"><span class='ocrx_word' id='word_1_215' title='bbox 53 2747 230 2835; x_wconf 88' lang='lat' dir='ltr'><strong>disciplinam</strong></span> <span class='ocrx_word' id='word_1_216' title='bbox 249 2771 346 2817; x_wconf 89' lang='lat' dir='ltr'><strong>meam</strong></span> <span class='ocrx_word' id='word_1_217' title='bbox 359 2751 524 2816; x_wconf 91' lang='lat' dir='ltr'><strong>tradideras</strong></span> <span class='ocrx_word' id='word_1_218' title='bbox 543 2751 623 2832; x_wconf 92' lang='lat' dir='ltr'><strong>(nam</strong></span> <span class='ocrx_word' id='word_1_219' title='bbox 642 2753 682 2815; x_wconf 89' lang='lat' dir='ltr'><strong>ita</strong></span> <span class='ocrx_word' id='word_1_220' title='bbox 699 2753 823 2832; x_wconf 85' lang='lat' dir='ltr'><strong>dixisti),</strong></span> <span class='ocrx_word' id='word_1_221' title='bbox 845 2753 965 2820; x_wconf 88' lang='lat' dir='ltr'><strong>domum</strong></span> 
     </span>
     <span class='ocr_line' id='line_1_31' title="bbox 52 2834 966 2920; baseline 0.001 -23"><span class='ocrx_word' id='word_1_222' title='bbox 52 2849 140 2902; x_wconf 86' lang='lat' dir='ltr'><strong>meam</strong></span> <span class='ocrx_word' id='word_1_223' title='bbox 159 2837 334 2904; x_wconf 87' lang='lat' dir='ltr'><strong>ventitaras.</strong></span> <span class='ocrx_word' id='word_1_224' title='bbox 368 2835 421 2904; x_wconf 81' lang='lat' dir='ltr'><strong>tte</strong></span> <span class='ocrx_word' id='word_1_225' title='bbox 435 2841 479 2920; x_wconf 88' lang='lat' dir='ltr'><strong>tu,</strong></span> <span class='ocrx_word' id='word_1_226' title='bbox 500 2836 526 2900; x_wconf 92' lang='lat' dir='ltr'><strong>si</strong></span> <span class='ocrx_word' id='word_1_227' title='bbox 542 2835 573 2899; x_wconf 94' lang='lat' dir='ltr'><strong>id</strong></span> <span class='ocrx_word' id='word_1_228' title='bbox 586 2834 724 2914; x_wconf 85' lang='lat' dir='ltr'><strong>fecisses,</strong></span> <span class='ocrx_word' id='word_1_229' title='bbox 745 2837 853 2904; x_wconf 91' lang='lat' dir='ltr'><strong>melius</strong></span> <span class='ocrx_word' id='word_1_230' title='bbox 866 2835 966 2916; x_wconf 81' lang='lat' dir='ltr'><strong>tama,</strong></span> 
     </span>
     <span class='ocr_line' id='line_1_32' title="bbox 51 2917 967 3006; baseline 0.007 -30"><span class='ocrx_word' id='word_1_231' title='bbox 51 2917 149 2982; x_wconf 86' lang='lat' dir='ltr'><strong>melius</strong></span> <span class='ocrx_word' id='word_1_232' title='bbox 172 2919 324 3003; x_wconf 79' lang='lat' dir='ltr'><strong>pudicitie</strong></span> <span class='ocrx_word' id='word_1_233' title='bbox 347 2925 411 3006; x_wconf 21' lang='lat' dir='ltr'><strong>tuae&#39;</strong></span> <span class='ocrx_word' id='word_1_234' title='bbox 426 2919 639 2984; x_wconf 90' lang='lat' dir='ltr'><strong>consuluisses.</strong></span> <span class='ocrx_word' id='word_1_235' title='bbox 683 2918 744 2983; x_wconf 88' lang='lat' dir='ltr'><strong>Sed</strong></span> <span class='ocrx_word' id='word_1_236' title='bbox 765 2938 864 3001; x_wconf 91' lang='lat' dir='ltr'><strong>neque</strong></span> <span class='ocrx_word' id='word_1_237' title='bbox 885 2919 967 2982; x_wconf 88' lang='lat' dir='ltr'><strong>feci-</strong></span> 
     </span>
     <span class='ocr_line' id='line_1_33' title="bbox 51 2999 967 3085; baseline 0.008 -26"><span class='ocrx_word' id='word_1_238' title='bbox 51 2999 86 3060; x_wconf 90' lang='lat' dir='ltr'><strong>sti</strong></span> <span class='ocrx_word' id='word_1_239' title='bbox 106 3020 176 3081; x_wconf 90' lang='lat' dir='ltr'><strong>nec,</strong></span> <span class='ocrx_word' id='word_1_240' title='bbox 200 3003 228 3067; x_wconf 92' lang='lat' dir='ltr'><strong>si</strong></span> <span class='ocrx_word' id='word_1_241' title='bbox 249 3020 398 3085; x_wconf 87' lang='lat' dir='ltr'><strong>cuperes,</strong></span> <span class='ocrx_word' id='word_1_242' title='bbox 418 3002 473 3066; x_wconf 92' lang='lat' dir='ltr'><strong>tibi</strong></span> <span class='ocrx_word' id='word_1_243' title='bbox 493 3001 525 3064; x_wconf 93' lang='lat' dir='ltr'><strong>id</strong></span> <span class='ocrx_word' id='word_1_244' title='bbox 544 3019 601 3085; x_wconf 88' lang='lat' dir='ltr'><strong>per</strong></span> <span class='ocrx_word' id='word_1_245' title='bbox 622 3001 655 3064; x_wconf 83' lang='grc' dir='ltr'><strong>Ο.</strong></span> <span class='ocrx_word' id='word_1_246' title='bbox 678 3001 841 3068; x_wconf 89' lang='lat' dir='ltr'><strong>Curionem</strong></span> <span class='ocrx_word' id='word_1_247' title='bbox 862 3002 967 3069; x_wconf 87' lang='lat' dir='ltr'><strong>facere</strong></span> 
     </span>
     <span class='ocr_line' id='line_1_34' title="bbox 52 3079 993 3170; baseline 0.01 -26"><span class='ocrx_word' id='word_1_248' title='bbox 52 3079 187 3150; x_wconf 87' lang='lat' dir='ltr'><strong>licuisset.</strong></span> <span class='ocrx_word' id='word_1_249' title='bbox 234 3085 408 3170; x_wconf 84' lang='lat' dir='ltr'><strong>Auguratus</strong></span> <span class='ocrx_word' id='word_1_250' title='bbox 429 3085 604 3167; x_wconf 90' lang='lat' dir='ltr'><strong>petitionem</strong></span> <span class='ocrx_word' id='word_1_251' title='bbox 627 3084 699 3150; x_wconf 89' lang='lat' dir='ltr'><strong>mibi</strong></span> <span class='ocrx_word' id='word_1_252' title='bbox 719 3091 750 3148; x_wconf 92' lang='lat' dir='ltr'><strong>te</strong></span> <span class='ocrx_word' id='word_1_253' title='bbox 774 3088 993 3154; x_wconf 84' lang='lat' dir='ltr'><strong>concessisset</strong></span> 
     </span>
     <span class='ocr_line' id='line_1_35' title="bbox 52 3162 965 3252; baseline 0.009 -28"><span class='ocrx_word' id='word_1_254' title='bbox 52 3162 154 3231; x_wconf 88' lang='lat' dir='ltr'><strong>dixisti.</strong></span> <span class='ocrx_word' id='word_1_255' title='bbox 202 3167 228 3232; x_wconf 93' lang='lat'>0</span> <span class='ocrx_word' id='word_1_256' title='bbox 256 3164 466 3236; x_wconf 90' lang='lat' dir='ltr'><strong>incredibilem</strong></span> <span class='ocrx_word' id='word_1_257' title='bbox 495 3167 675 3232; x_wconf 73' lang='lat' dir='ltr'><strong>audaciaml‘</strong></span> <span class='ocrx_word' id='word_1_258' title='bbox 706 3185 737 3231; x_wconf 81' lang='lat' dir='ltr'><strong>o·</strong></span> <span class='ocrx_word' id='word_1_259' title='bbox 751 3169 965 3252; x_wconf 82' lang='lat' dir='ltr'><strong>impudentiam</strong></span> 
     </span>
     <span class='ocr_line' id='line_1_36' title="bbox 50 3249 965 3336; baseline 0.004 -24"><span class='ocrx_word' id='word_1_260' title='bbox 50 3249 282 3327; x_wconf 81' lang='lat' dir='ltr'><strong>predicandamt</strong></span> <span class='ocrx_word' id='word_1_261' title='bbox 318 3252 386 3326; x_wconf 87' lang='lat' dir='ltr'><strong>Quo</strong></span> <span class='ocrx_word' id='word_1_262' title='bbox 416 3251 496 3314; x_wconf 91' lang='lat' dir='ltr'><strong>enim</strong></span> <span class='ocrx_word' id='word_1_263' title='bbox 525 3259 662 3332; x_wconf 89' lang='lat' dir='ltr'><strong>tempore</strong></span> <span class='ocrx_word' id='word_1_264' title='bbox 689 3261 752 3315; x_wconf 88' lang='lat' dir='ltr'><strong>me&#39;</strong></span> <span class='ocrx_word' id='word_1_265' title='bbox 769 3270 915 3336; x_wconf 83' lang='lat' dir='ltr'><strong>augurem</strong></span> <span class='ocrx_word' id='word_1_266' title='bbox 946 3271 965 3316; x_wconf 92' lang='lat' dir='ltr'><strong>a</strong></span> 
     </span>
     <span class='ocr_line' id='line_1_37' title="bbox 50 3331 1063 3420; baseline 0.005 -27"><span class='ocrx_word' id='word_1_267' title='bbox 50 3334 106 3396; x_wconf 91' lang='lat' dir='ltr'><strong>toto</strong></span> <span class='ocrx_word' id='word_1_268' title='bbox 136 3336 269 3420; x_wconf 80' lang='lat' dir='ltr'><strong>collegio</strong></span> <span class='ocrx_word' id='word_1_269' title='bbox 296 3335 460 3418; x_wconf 84' lang='lat' dir='ltr'><strong>expetitum</strong></span> <span class='ocrx_word' id='word_1_270' title='bbox 493 3331 546 3398; x_wconf 85' lang='lat' dir='ltr'><strong>Cn.</strong></span> <span class='ocrx_word' id='word_1_271' title='bbox 576 3333 736 3418; x_wconf 87' lang='lat' dir='ltr'><strong>Pompeius</strong></span> <span class='ocrx_word' id='word_1_272' title='bbox 765 3341 795 3397; x_wconf 85' lang='lat' dir='ltr'><strong>ct</strong></span> <span class='ocrx_word' id='word_1_273' title='bbox 825 3335 860 3409; x_wconf 81' lang='lat' dir='ltr'><strong>Q.</strong></span> <span class='ocrx_word' id='word_1_274' title='bbox 881 3333 965 3400; x_wconf 88' lang='lat' dir='ltr'><strong>Hor-</strong></span> <span class='ocrx_word' id='word_1_275' title='bbox 1061 3375 1063 3382; x_wconf 82' lang='lat'><em>·</em></span> 
     </span>
     <span class='ocr_line' id='line_1_38' title="bbox 51 3415 964 3501; baseline 0.009 -27"><span class='ocrx_word' id='word_1_276' title='bbox 51 3416 159 3482; x_wconf 86' lang='lat' dir='ltr'><strong>tensius</strong></span> <span class='ocrx_word' id='word_1_277' title='bbox 190 3417 422 3482; x_wconf 86' lang='lat' dir='ltr'><strong>nominaverunt</strong></span> <span class='ocrx_word' id='word_1_278' title='bbox 452 3415 563 3500; x_wconf 86' lang='lat' dir='ltr'><strong>(nequa</strong></span> <span class='ocrx_word' id='word_1_279' title='bbox 587 3419 667 3483; x_wconf 90' lang='lat' dir='ltr'><strong>enim</strong></span> <span class='ocrx_word' id='word_1_280' title='bbox 691 3418 801 3486; x_wconf 86' lang='lat' dir='ltr'><strong>licebat</strong></span> <span class='ocrx_word' id='word_1_281' title='bbox 824 3436 841 3481; x_wconf 95' lang='lat' dir='ltr'><strong>a</strong></span> <span class='ocrx_word' id='word_1_282' title='bbox 865 3419 964 3501; x_wconf 46' lang='lat' dir='ltr'><strong>pluri-q</strong></span> 
     </span>
     <span class='ocr_line' id='line_1_39' title="bbox 49 3493 1063 3583; baseline 0.006 -25"><span class='ocrx_word' id='word_1_283' title='bbox 49 3493 101 3560; x_wconf 93' lang='lat' dir='ltr'><strong>bus</strong></span> <span class='ocrx_word' id='word_1_284' title='bbox 128 3501 310 3583; x_wconf 82' lang='lat' dir='ltr'><strong>nominari),</strong></span> <span class='ocrx_word' id='word_1_285' title='bbox 344 3508 376 3564; x_wconf 90' lang='lat' dir='ltr'><strong>tu</strong></span> <span class='ocrx_word' id='word_1_286' title='bbox 407 3520 465 3565; x_wconf 92' lang='lat' dir='ltr'><strong>nec</strong></span> <span class='ocrx_word' id='word_1_287' title='bbox 495 3501 640 3566; x_wconf 87' lang='lat' dir='ltr'><strong>solvendo</strong></span> <span class='ocrx_word' id='word_1_288' title='bbox 670 3519 738 3565; x_wconf 88' lang='lat' dir='ltr'><strong>eras</strong></span> <span class='ocrx_word' id='word_1_289' title='bbox 768 3518 826 3564; x_wconf 89' lang='lat' dir='ltr'><strong>nac</strong></span> <span class='ocrx_word' id='word_1_290' title='bbox 845 3505 876 3564; x_wconf 90' lang='lat' dir='ltr'><strong>ta</strong></span> <span class='ocrx_word' id='word_1_291' title='bbox 900 3502 964 3565; x_wconf 92' lang='lat' dir='ltr'><strong>ullo</strong></span> <span class='ocrx_word' id='word_1_292' title='bbox 1041 3501 1063 3514; x_wconf 87' lang='grc'><strong>”</strong></span> 
     </span>
     <span class='ocr_line' id='line_1_40' title="bbox 49 3579 964 3668; baseline 0.009 -27"><span class='ocrx_word' id='word_1_293' title='bbox 49 3579 144 3664; x_wconf 90' lang='lat' dir='ltr'><strong>modo,</strong></span> <span class='ocrx_word' id='word_1_294' title='bbox 166 3584 226 3648; x_wconf 90' lang='lat' dir='ltr'><strong>nisi</strong></span> <span class='ocrx_word' id='word_1_295' title='bbox 247 3603 355 3652; x_wconf 86' lang='lat' dir='ltr'><strong>eversa</strong></span> <span class='ocrx_word' id='word_1_296' title='bbox 377 3583 561 3668; x_wconf 87' lang='lat' dir='ltr'><strong>republica,</strong></span> <span class='ocrx_word' id='word_1_297' title='bbox 581 3585 650 3648; x_wconf 89' lang='lat' dir='ltr'><strong>for&#39;e</strong></span> <span class='ocrx_word' id='word_1_298' title='bbox 671 3585 852 3651; x_wconf 91' lang='lat' dir='ltr'><strong>incolumem</strong></span> <span class='ocrx_word' id='word_1_299' title='bbox 872 3591 964 3668; x_wconf 89' lang='lat' dir='ltr'><strong>puta-</strong></span> 
     </span>
     <span class='ocr_line' id='line_1_41' title="bbox 48 3659 965 3764; baseline 0.004 -34"><span class='ocrx_word' id='word_1_300' title='bbox 48 3659 108 3732; x_wconf 83' lang='lat' dir='ltr'><strong>tm.</strong></span> <span class='ocrx_word' id='word_1_301' title='bbox 152 3662 279 3744; x_wconf 78' lang='lat' dir='ltr'><strong>Poteras</strong></span> <span class='ocrx_word' id='word_1_302' title='bbox 308 3675 409 3742; x_wconf 82' lang='lat' dir='ltr'><strong>autem</strong></span> <span class='ocrx_word' id='word_1_303' title='bbox 437 3686 476 3742; x_wconf 88' lang='lat' dir='ltr'><strong>eo</strong></span> <span class='ocrx_word' id='word_1_304' title='bbox 496 3675 633 3758; x_wconf 87' lang='lat' dir='ltr'><strong>tempore</strong></span> <span class='ocrx_word' id='word_1_305' title='bbox 653 3673 831 3760; x_wconf 66' lang='lat' dir='ltr'><strong>ecgardum</strong></span> <span class='ocrx_word' id='word_1_306' title='bbox 848 3675 965 3764; x_wconf 81' lang='lat' dir='ltr'><strong>petere,</strong></span> 
     </span>
    </p>
   </div>
   <div class='ocr_carea' id='block_1_3' title="bbox 52 3783 274 3807">
    <p class='ocr_par' dir='ltr' id='par_1_4' title="bbox 52 3783 274 3807">
     <span class='ocr_line' id='line_1_42' title="bbox 52 3783 274 3807; baseline -0.005 -10"><span class='ocrx_word' id='word_1_307' title='bbox 52 3783 274 3807; x_wconf 67' lang='lat'><em>-——-—-·—-</em></span> 
     </span>
    </p>
   </div>
   <div class='ocr_carea' id='block_1_4' title="bbox 84 3845 391 3913">
    <p class='ocr_par' dir='ltr' id='par_1_5' title="bbox 84 3845 391 3913">
     <span class='ocr_line' id='line_1_43' title="bbox 84 3845 391 3913; baseline 0.02 -11"><span class='ocrx_word' id='word_1_308' title='bbox 84 3845 164 3913; x_wconf 70' lang='lat' dir='ltr'><strong>&#39;um</strong></span> <span class='ocrx_word' id='word_1_309' title='bbox 183 3849 211 3912; x_wconf 83' lang='lat'><strong>1..</strong></span> <span class='ocrx_word' id='word_1_310' title='bbox 264 3851 391 3909; x_wconf 66' lang='lat' dir='ltr'><strong>’anm</strong></span> 
     </span>
    </p>
   </div>
   <div class='ocr_carea' id='block_1_5' title="bbox 0 0 1250 4316">
    <p class='ocr_par' dir='ltr' id='par_1_6' title="bbox 0 0 1250 4316">
     <span class='ocr_line' id='line_1_44' title="bbox 0 0 1250 4316; baseline 0 3"><span class='ocrx_word' id='word_1_311' title='bbox 0 0 1250 4316; x_wconf 95' lang='lat' dir='ltr'><strong> </strong></span> 
     </span>
    </p>
   </div>
  </div>
 </body>
</html>
