2468 4318
251 245 287 296 7⁶
532 241 807 304 ‚omnnio
847 241 870 298 Ι.

550 1031 887 1113 onnuro

252 1219 359 1324 ΙΝ
420 1217 1181 1348 bonulultvhtt

588 1422 837 1500 PRIMA,

426 1590 649 1656 HABITA
678 1592 736 1658 IN
767 1591 1002 1658 SENATU.

174 1753 202 1830 ‚1
223 1707 443 1843 lQuousque
463 1761 584 1825 tandem
600 1760 744 1841 abutere,
774 1759 921 1840 Catilina,
948 1759 1098 1844 patientia
1119 1777 1179 1824 no-

248 1845 341 1912 stra?
364 1845 506 1927 quamdiu
527 1846 616 1908 etiam
638 1845 725 1908 furor
745 1846 803 1908 iste
821 1851 891 1908 tuus
911 1845 1065 1908 eludetf¹
1091 1865 1178 1927 quem

248 1930 288 1995 ad
316 1928 406 1992 linem
435 1945 505 1992 sese
533 1927 680 1991 effrenata
710 1928 831 1991 iactabit
859 1928 1012 1999 audacia?
1058 1927 1178 1993 Nihilne

248 2020 279 2078 te
302 2019 483 2077 nocturnum
504 2012 677 2095 praesidium
701 2011 824 2089 Palatii,
848 2012 924 2074 nihil
948 2011 1033 2076 urbis
1054 2013 1177 2097 vigilie,

246 2098 322 2161 nihil
345 2096 434 2159 timor
453 2096 568 2178 populi,
586 2095 661 2159 nihil
678 2112 845 2159 concursus
864 2096 1014 2159 bonorum
1035 2098 1176 2174 omnium,

246 2180 324 2245 nihil
346 2179 396 2242 hic
417 2181 632 2244 munitissimus
663 2178 794 2242 habendi
823 2185 947 2242 senatus
975 2179 1083 2258 locus,
1127 2182 1175 2246 ni-

247 2263 292 2328 bil
311 2263 421 2325 borum
443 2281 497 2348 ora
520 2264 679 2345 vultusque
701 2262 886 2326 moverunt?
907 2261 1016 2326 Patere
1031 2270 1083 2327 tua
1100 2281 1174 2326 con-

246 2348 318 2414 silia
335 2364 397 2409 nou
421 2348 541 2410 sentis?
584 2346 783 2409 constrictam
808 2347 868 2409 iam
888 2346 998 2409 horum
1020 2345 1175 2411 omniun*

170 2469 176 2492 2
246 2431 434 2495 couscientia
467 2431 565 2494 teneri
593 2431 834 2493 coniurationem
863 2434 956 2492 tuam·
972 2447 1035 2496 nou
1065 2429 1173 2494 vides?

247 2515 327 2590 Quid
348 2515 497 2598 proxima,
521 2513 593 2596 quid
611 2515 771 2595 superiore
792 2519 881 2576 nocte
903 2514 1016 2597 egeris,
1039 2515 1093 2578 ubi
1106 2514 1173 2579 fue-
1232 2535 1233 2542 ¹

245 2601 303 2677 ris,
335 2615 412 2681 quos
434 2597 662 2675 convocaveris,
695 2596 766 2678 quid
784 2597 911 2662 ‚consilii
932 2598 1064 2679 ceperis,
1088 2615 1174 2680 quem

217 2690 383 2748 anostrum
402 2683 546 2765 ignorare
568 2681 749 2744 arbitraris?
779 2679 805 2742 0
829 2681 984 2761 temporat
1017 2679 1173 2744 omoresl

246 2765 376 2833 Senatus
410 2765 475 2828 brec
504 2765 662 2848 intelligit,
703 2765 810 2828 consul
842 2764 924 2827 videt
931 2784 941 2840 ;
994 2765 1046 2828 hic
1077 2772 1174 2828 tamam

108 2901 119 2922 ,
246 2851 329 2914 vivit
374 2847 482 2912 Vivit?
525 2849 616 2912 immo
649 2866 723 2911 vero
752 2849 843 2911 etiam
865 2848 897 2910 in
918 2854 1055 2912 senatum
1075 2851 1173 2924 venit;

245 2932 280 2997 lit
298 2932 413 3014 publici
435 2933 555 2996 consilii
576 2933 746 3014 particops;
777 2936 861 2994 notat
882 2936 912 2994 et
935 2931 1077 3015 designat
1097 2950 1173 2996 ocu-

245 3017 285 3082 lis
320 3017 357 3080 ad
393 3017 506 3080 cedem
538 3032 783 3098 unumquemque
817 3021 961 3078 nostrum.
1017 3015 1082 3080 Nos
1118 3035 1173 3080 au-

245 3099 316 3180 t'cm,
341 3101 397 3164 viri
419 3101 526 3179 fortes,
550 3099 727 3164 satisfacere
751 3099 797 3161 rei
818 3099 949 3181 publica
969 3098 1118 3180 videmur,
1148 3100 1174 3164 si

244 3185 332 3250 istius
356 3183 493 3247 furorem
516 3203 551 3247 ac
573 3177 633 3247 tela
653 3184 790 3246 vitemus.
832 3181 880 3245 Au
902 3190 1091 3261 moriente,
1114 3183 1173 3246 Ca-

244 3269 346 3345 tilina,
377 3267 446 3332 duci
466 3268 553 3332 iussu
576 3267 711 3332 consulis
735 3267 912 3349 iampridem
935 3268 1116 3349 oportebat,
1143 3269 1172 3331 in

243 3351 431 3434 tefconlerri
452 3357 570 3434 pestem
593 3352 698 3430 istam,
734 3369 823 3432 quam
853 3355 885 3413 tu
917 3350 949 3412 in
980 3367 1038 3414 nos
1070 3367 1171 3414 omnes

217 3436 358 3511 ,iamdiu
391 3437 581 3499 machinaris.
629 3435 677 3498 An
709 3452 784 3498 vero
813 3435 860 3496 vir
884 3434 1111 3515 amplissimus,
1142 3434 1171 3496 P.

24 3593 29 3606 ¹
125 3529 128 3534 '
246 3520 370 3602 Scipio,
402 3520 541 3602 pontifex
564 3521 728 3596 maximus,
764 3518 809 3598 Ti.
835 3516 1022 3598 Gracchum,
1053 3519 1169 3582 medio-

247 3605 341 3666 criter
371 3603 601 3668 labefactantem
631 3609 741 3668 statum
774 3603 822 3666 rei
853 3601 1001 3686 publiea,
1039 3605 1182 3686 privatus

284 3791 387 3918 :m
403 3795 525 3918 bagmam
561 3795 634 3862 (tta.
662 3800 746 3852 attam
765 3793 819 3848 lut
852 3794 945 3848 Vota.
973 3809 1000 3862 p.
1026 3785 1088 3843 258
1113 3787 1167 3851 οφ.)
