2546 4310
933 235 977 288 xl

100 395 244 466 utriusque
267 396 373 464 portem
395 395 531 461 serpente.
581 386 780 458 lieceotisrimi¹
796 388 937 459 editores,
970 393 1030 444 tota

100 495 134 537 rc
157 493 213 534 noo
235 473 436 538 animadversa,
459 472 521 528 dum
543 467 642 529 eodem
663 472 746 530 modo
768 471 824 543 iic,
848 488 904 544 quo
925 471 954 528 iu
969 471 1030 528 lla-

101 561 207 616 uiliuna
229 565 277 614 eut
297 558 326 614 in
349 556 497 612 lliloninne
519 556 579 612 beri
603 562 697 628 potest
720 573 753 612 nc
776 556 868 626 debet,
899 557 1030 612 meliores

101 643 218 700 codices
242 641 320 714 sequi
344 645 496 710 conentur,
523 638 638 696 difficile
662 631 739 696 dictu
762 646 822 710 est,
855 655 935 710 quam
958 639 1030 694 rnele

100 729 175 784 bano
207 726 363 782 orationem
391 721 580 778 tractaverint.
627 722 711 778 Cuius
735 724 777 780 rei
801 723 927 795 exempla
952 739 1030 795 que-

102 810 166 868 dam
185 809 221 867 nd
237 805 467 882 persuadendum,
484 813 513 860 ut
525 806 635 879 opinor,
654 813 717 878 apte
732 807 777 862 iic
792 823 902 880 ponem.
932 803 1031 874 (Orelss

100 895 156 951 lius
177 894 207 950 io
231 892 371 966 plerisque
396 889 467 945 locis
495 905 538 948 me
571 896 681 946 secutus
711 887 777 962 est.)

187 977 244 1032 lam
254 976 283 1031 in
293 975 357 1045 ipso
369 972 486 1030 exordio
500 973 635 1030 cretionis
648 974 699 1041 §2
711 973 846 1044 lllotnius,
865 974 1031 1044 Benecltius,

102 1059 252 1130 soldanus,
275 1057 394 1114 Orellius
410 1056 630 1130 (Steinmetnium
646 1059 757 1124 omitto)
776 1057 938 1124 edideruntq
960 1057 1032 1114 lium

103 1159 209 1214 repere,
226 1151 423 1214 qoemorucre
434 1149 521 1197 anteo
531 1148 632 1196 cuncto
645 1156 706 1196 cum
720 1149 821 1197 senam
832 1155 1033 1211 consuetum,
1060 1171 1063 1178 .

107 1241 228 1282 *nnnc
238 1231 341 1280 contro
351 1225 555 1281 atrocissimum
566 1225 768 1296 cm'mencoqor
786 1223 949 1296 defendere,
971 1241 1034 1280 oum

103 1309 189 1367 codd.
202 1309 270 1379 tint,
295 1305 363 1362 Gud.
382 1307 413 1377 2,
436 1307 520 1379 leit,
533 1308 707 1378 .Snlisburg.,·
729 1308 790 1365 Per.
814 1310 863 1379 ll,
888 1309 950 1364 aliia
969 1309 1033 1381 plu·

103 1394 192 1452 ribos.
231 1392 320 1461 llovi,
344 1407 424 1462 quarn
449 1391 532 1448 lnoile
556 1399 584 1448 et
608 1392 700 1447 subito
723 1391 824 1448 Cicero
848 1393 944 1464 prime
965 1408 1033 1464 per-

103 1493 183 1534 aona
205 1475 285 1532 verbi
309 1490 448 1530 numerum
472 1481 565 1530 mutet.
612 1475 761 1546 Numquam
787 1481 878 1530 tameo
904 1475 933 1531 id
956 1475 1034 1545 lecit,

102 1559 182 1634 quod
205 1557 339 1616 orationis
363 1563 460 1613 nature
484 1558 665 1630 repugnabat,
688 1559 715 1613 in
736 1557 871 1614 eiusmodi
890 1559 1034 1616 notatione

105 1659 200 1700 rerum
230 1642 258 1697 in
287 1657 336 1696 sua
353 1640 444 1712 ipsius
467 1656 585 1712 persone
612 1642 813 1698 contrariorum
836 1642 865 1696 in
889 1642 1034 1698 sententiis
1121 1671 1122 1674 =

103 1727 224 1783 relativa
250 1731 279 1780 et
302 1724 518 1780 demonstrativa
549 1724 695 1796 copulatis.
738 1722 833 1797 (Quod
858 1724 976 1781 Orellius
999 1741 1035 1782 ex

104 1811 156 1868 lib.
180 1811 196 1866 l
218 1809 254 1864 de
276 1824 334 1880 rep.
356 1811 376 1875 §
400 1801 446 1862 10Ι
463 1808 618 1880 exemplum
639 1807 758 1878 profert,
788 1808 877 1864 simile
902 1815 986 1879 esset,
1010 1809 1034 1865 si

105 1893 147 1950 ibi
166 1893 323 1963 legeretur:
349 1888 418 1962 quad
438 1890 537 1960 seuere
551 1891 748 1962 potuissemus,
770 1892 826 1946 nisi
842 1892 942 1948 conrad
961 1893 1036 1962 (cie-

105 1977 191 2043 sem.)
234 1974 328 2046 Neque
355 1976 442 2030 minus
465 1975 635 2045 singularem
658 1991 798 2030 numerum
822 1977 928 2047 respuit
950 1976 1035 2032 Cice-

107 2061 188 2118 ronis
210 2053 298 2130 ipsius
320 2063 348 2112 et
371 2058 506 2114 uniusab
526 2064 624 2114 senatu
643 2059 702 2113 eius
726 2058 877 2116 sententies
902 2067 1035 2133 sequente
1128 2097 1138 2122 ,

105 2142 258 2217 soporatio.
324 2141 421 2212 ltaque
452 2157 520 2197 vere
550 2140 726 2199 cotoniensis
753 2139 796 2214 (si
826 2140 910 2200 modo
934 2143 1035 2200 ¹uerius

105 2229 181 2284 bunc
207 2223 330 2280 Grevius
363 2224 515 2297 appellavit
544 2241 625 2297 quam
648 2223 849 2292 Erlurteusem)
870 2234 901 2282 et
925 2224 993 2282 Gud.
1018 2230 1034 2285 l

106 2318 137 2368 et
160 2309 215 2366 duo
238 2308 277 2364 St.
299 2308 423 2363 Victoris
445 2306 559 2376 codices
588 2307 675 2381 (opud
697 2305 855 2378 Gruterum)
883 2310 985 2381 aliique
1008 2316 1037 2364 et

107 2411 125 2450 a
148 2391 267 2450 Gruterc
289 2391 355 2446 inde
378 2390 515 2447 editiones
536 2391 646 2463 priores
668 2391 769 2448 babent
789 2389 924 2465 solebam,
953 2389 1037 2466 idque

107 2477 273 2557 marcianus,
286 2473 401 2546 Capella
425 2475 450 2530 V
472 2491 499 2546 p.
524 2475 584 2530 162
606 2472 683 2530 Grot.
703 2477 855 2532 confirmat.

199 2560 263 2627 §2
287 2558 371 2614 iidem
391 2556 515 2614 editores
537 2574 553 2612 e
577 2557 738 2629 codicibus,
769 2559 816 2631 qui
839 2560 968 2616 meliores
991 2558 1038 2614 di-

108 2647 218 2713 cuutur,
241 2648 270 2698 et
287 2639 384 2713 paucis
409 2641 471 2705 aliis
493 2642 565 2698 hanc
586 2642 751 2714 scripturum
774 2645 943 2715 posuerunt:
967 2642 1038 2698 Gru·
1103 2701 1108 2712 ,

108 2726 184 2784 delia
207 2726 324 2796 Castor,
349 2740 385 2780 ue
407 2723 499 2780 dicum
520 2725 690 2782 sceleratum
711 2726 886 2798 olimpium,
912 2726 961 2799 qui
984 2733 1038 2783 etc.

106 2828 162 2886 pro
186 2825 231 2880 es,
250 2825 330 2880 quam
353 2807 528 2864 coloniensis
553 2815 581 2864 et
602 2806 671 2865 Gud.
695 2811 711 2864 l
735 2816 762 2864 et
784 2809 952 2866 deteriorum
975 2810 1039 2882 ple-

107 2895 190 2967 rique
212 2892 314 2950 babeut
336 2891 550 2965 superioresque
574 2892 661 2948 secuti
684 2899 776 2950 eraut:
813 2891 960 2949 Grrrdelem
985 2893 1039 2948 Go-

106 2985 226 3048 storem,
250 2977 300 3048 qui
322 2983 375 3031 etc.
420 2975 501 3043 Quod
524 2991 604 3047 quam
626 2992 712 3049 prave
736 2975 865 3048 iecerint,
900 2979 964 3050 ipse
982 2977 1039 3032 lle-

106 3061 227 3118 ueoltius
258 3060 343 3129 dicit,
374 3059 476 3116 nullum
506 3075 537 3114 se
566 3058 709 3116 confessus
743 3061 900 3132 exemplum
925 3061 1038 3130 iubere,

108 3146 138 3202 iu
160 3160 217 3218 quc
239 3143 282 3202 hia
304 3145 398 3200 verbis
422 3159 457 3199 oe
479 3143 571 3198 dicam
593 3159 648 3200 non
670 3142 753 3213 idem,
785 3143 833 3218 qui
853 3144 1039 3216 precesserit,
1072 3149 1075 3155 ’

108 3245 190 3285 casm
212 3227 385 3284 subiiciatur.
428 3226 555 3297 Addam,
577 3226 712 3283 nemiuem
738 3243 773 3282 ex
797 3228 967 3284 nominativo
987 3244 1039 3282 nc-

108 3312 263 3368 cusativum
286 3309 447 3367 effecturum
470 3311 572 3380 luisse,
616 3317 731 3381 eontra,
761 3328 843 3382 quum
866 3313 1038 3366 accusativus

107 3397 138 3452 io
160 3393 343 3452 exclamando
365 3395 472 3467 positus
492 3411 548 3454 non
567 3393 782 3464 intelligeretur,
806 3395 932 3466 proclive
954 3393 1039 3450 luisse

109 3477 309 3536 nominativum
332 3478 479 3536 subiicere.
536 3477 581 3551 (ln
609 3476 815 3548 salisburgensi
839 3484 868 3534 et
890 3478 961 3540 attis,
975 3479 1039 3550 qui-

108 3563 226 3620 busdum
250 3561 379 3636 scribitur
401 3563 501 3618 etiem:
537 3561 667 3618 Crudeles
690 3560 792 3617 Castor
813 3565 881 3630 est.)
1075 3619 1079 3624 .

201 3648 222 3714 9
243 3648 263 3704 3
284 3645 313 3702 iu
336 3646 378 3702 his
402 3647 512 3704 uerbis:
535 3663 622 3718 quum
646 3662 679 3702 os
693 3643 832 3716 videbam,
854 3661 939 3718 quom
952 3643 1040 3700 cerba

110 3727 271 3798 audiebam,
296 3747 377 3801 quem
401 3737 464 3803 apte
490 3730 630 3802 utriusque
652 3745 748 3786 seusus
770 3729 890 3786 ollensic
915 3746 1039 3785 comme-

112 3819 237 3874 moretur
266 3830 401 3887 qcamque
431 3801 577 3873 numerose
610 3814 728 3872 membru
761 3813 896 3892 orationis
930 3812 1038 3881 cudent,
