2546 4310
965 212 992 296 ,ν
1083 218 1086 224 ,

114 389 232 468 prorsus
261 393 478 466 spernendorum
500 388 687 470 discrepantia
713 397 742 454 et
765 395 843 471 qussi
865 397 1043 460 testimonie*

112 493 174 532 rum
197 475 346 550 conlusio,
383 475 600 558 sedelurirnum
621 485 712 537 tanten
736 479 765 536 in
790 479 976 552 Catilinariis,
1013 485 1043 541 in

113 559 214 632 quibus
239 575 312 616 nunc
335 561 442 619 demum
465 563 563 619 ducum
584 562 721 620 bonorum
740 569 834 620 notam
860 570 891 620 ¹et
921 581 1041 641 perspe-

111 647 186 698 ctam
208 644 401 700 auctoritatem
425 645 504 718 sequi
524 652 552 702 et
570 646 753 714 certioretis
771 645 902 704 incedere
925 649 993 704 licet
1013 657 1042 706 et

109 717 247 797 quaedam,
270 742 330 800 que
346 734 426 784 autea
442 727 599 802 probabilia
622 727 711 787 uideri
734 729 880 802 debebant,
899 733 1039 790 omittere.
1144 747 1146 758 ’

111 807 208 880 ltaque
232 810 259 866 in
282 810 325 866 his
350 811 523 884 orationibus
544 812 633 869 maior
662 828 742 884 quam
771 813 936 886 iu·reliquis
958 813 1039 872 buius
1087 891 1092 894 -

108 897 137 948 et
151 892 305 965 superioris
326 895 531 966 recognitionis
550 895 737 968 discrepantia
752 902 803 968 est,
826 895 931 969 dequo
948 896 1039 955 dicans

108 975 197 1048 paulo
221 982 293 1052 post
307 975 396 1049 plura.
443 973 474 1034 ln
498 979 613 1052 reliquis
634 978 825 1051 orationibus,
850 975 969 1036 maxime
991 981 1039 1054 iis,
1147 1030 1148 1038 ,

86 1058 137 1114 'in
159 1056 259 1130 quibus
281 1055 399 1117 diverse
418 1059 545 1118 codicum
566 1061 678 1117 familis
699 1061 828 1133 eminent,
849 1063 933 1136 paulo
953 1064 1038 1124 etiem

107 1141 241 1214 pressius,
263 1159 343 1217 quarn
360 1150 441 1200 antea
466 1142 597 1218 lecerunt,
618 1144 647 1200 in
667 1144 766 1201 ordine
788 1143 941 1203 verborurn¹
955 1145 1037 1206 altiss
1122 1170 1125 1175 ·

107 1239 161 1296 que
184 1225 378 1285 minutioribus
397 1225 479 1284 rebus
501 1227 640 1302 sequenda
658 1227 802 1284 meliorum
829 1228 957 1286 codicum
981 1246 1036 1287 au-

106 1308 223 1364 otor-itas
246 1308 307 1378 luit,
336 1309 463 1368 velutin
486 1309 653 1385 Pompeiana
675 1316 739 1384 post
761 1311 937 1384 Beneckium,
960 1329 1034 1370 nou-

104 1389 187 1447 nullse
205 1391 288 1448 etiarn
303 1393 387 1466 paulo
406 1392 519 1451 maioris
535 1395 666 1451 momenti
684 1394 832 1469 scripturae
854 1383 1033 1469 asciscebdar,
1098 1459 1101 1466 s

104 1489 174 1548 quas
196 1474 312 1536 autulii
334 1475 398 1533 inde
418 1481 576 1549 protractes
597 1483 674 1534 recte
697 1476 880 1534 defenderant
905 1486 952 1535 aut
971 1479 1033 1554 ipsc

102 1563 204 1631 postea
228 1557 335 1635 demum
358 1574 440 1616 veras
462 1575 524 1616 esse
549 1558 807 1617 animadverterem.
848 1560 904 1618 Sed
924 1563 953 1618 in
976 1563 1032 1618 hoo

104 1640 198 1698 studio
221 1643 349 1699 meliores
365 1641 480 1700 codices
503 1643 635 1715 sequendi
655 1647 684 1697 et
699 1641 836 1700 communi
855 1644 1032 1716 professione

101 1738 160 1781 uon
181 1739 268 1799 parva
293 1731 386 1782 tamen
406 1723 479 1782 iuter
500 1741 543 1781 me
568 1729 732 1796 eteorum,
769 1739 839 1798 quos
862 1727 1031 1798 enumeruui,

102 1806 239 1863 editorum
266 1809 415 1882 plerosque
434 1809 557 1865 nascitur
580 1803 729 1881 dissensio,
759 1808 834 1882 quod
857 1824 924 1880 ego,
947 1810 1031 1867 codi-

104 1905 168 1946 cum
189 1891 356 1948 testimoniis
377 1892 487 1949 ratione
516 1891 676 1966 ponderatis
701 1889 751 1963 (eo
777 1891 880 1963 modo,
913 1909 968 1965 quo
1001 1894 1029 1950 in

99 1972 266 2048 praeletione
284 1974 429 2032 ciceronis
450 1974 584 2031 librorum
605 1973 641 2030 de
663 1973 762 2030 unitus
786 1991 802 2030 a
824 1991 869 2031 sne
891 1974 1030 2034 editorum

100 2054 245 2129 exposui),
268 2073 364 2115 verum
386 2057 475 2114 libere
498 2057 695 2131 exquirendum
714 2062 794 2130 puto,
813 2058 856 2115 illi
875 2073 931 2115 non
957 2060 1028 2116 reli-

98 2139 193 2211 giose,
214 2139 264 2197 sed
277 2140 469 2213 superstitiose
488 2140 601 2197 codices
618 2139 697 2214 sequi
714 2139 780 2198 mibi
798 2141 935 2214 uidentur,
957 2141 1028 2200 elius
1113 2159 1127 2192 .·

96 2223 212 2280 scilicet
232 2223 300 2281 alio·
309 2224 407 2295 magis.
450 2223 517 2280 Nem
539 2235 621 2298 quum
641 2223 812 2281 intellectum
834 2231 918 2297 esset,
939 2239 1026 2298 supe-

95 2305 190 2364 riores
215 2305 362 2363 ciceronis
392 2305 524 2364 librorum
549 2323 631 2382 quurn
654 2313 812 2364 ceterorum
833 2314 890 2365 tum
914 2309 1025 2368 oratio:

94 2405 162 2446 num
184 2389 307 2447 editores
328 2385 417 2466 neque
438 2391 508 2447 satis
530 2391 681 2463 diligenter
703 2390 848 2449 codicibus
871 2407 937 2448 usos
962 2409 1025 2448 csse
1105 2388 1107 2397 '

94 2487 187 2544 neque
217 2474 347 2530 meliores
379 2491 395 2530 e
428 2473 614 2532 deterioribus
643 2489 808 2548 separasse,
847 2473 1024 2532 coniecturas

93 2556 180 2612 etiam
200 2557 347 2614 nonnullos
368 2555 474 2614 temere
494 2563 605 2616 secutos
627 2573 700 2629 esse,
728 2573 863 2630 quumque
888 2561 1025 2631 apparere

91 2638 249 2712 coepisset,
270 2645 373 2712 quanto
390 2641 486 2698 uerior
505 2641 660 2714 meliorque
680 2641 768 2697 lorma
788 2640 934 2697 Ciceronis
954 2655 1023 2697 ver-

90 2721 138 2778 bis
157 2719 323 2797 optimorum
345 2722 473 2781 codicum
491 2741 542 2782 usu
566 2723 675 2782 restitui
692 2729 799 2797 posset,
819 2739 891 2780 nunc
911 2723 1023 2796 quidam

91 2805 148 2864 sibi
173 2821 228 2863 uon
249 2804 380 2864 adhibitis
403 2807 519 2864 testibus
543 2811 573 2865 et
600 2807 754 2864 historice
772 2807 932 2881 questionis
962 2813 1022 2864 erte

89 2889 155 2946 veri
179 2887 424 2961 investigationem
446 2907 606 2964 proponere
636 2888 783 2962 videntur,
817 2889 867 2946 sed
897 2891 1022 2963 ipsorum

89 2989 145 3046 per
174 2989 205 3030 se
235 2972 363 3030 codicum
383 2973 573 3032 defensionem
599 2979 646 3031 aut
669 2973 788 3030 omniurn
812 2979 859 3032 aut
881 2979 1021 3041 certorum

88 3071 289 3130 usquequaque
311 3063 340 3114 et
357 3057 432 3114 omni
453 3045 572 3115 artilloio
588 3073 667 3131 paeue
683 3057 719 3114 ad
737 3056 940 3114 causidicorum
957 3073 1021 3114 mo-

89 3137 157 3196 dum
178 3139 366 3212 peragendam
388 3156 505 3198 sumere.
546 3141 598 3210 lte,
619 3140 683 3198 dum
703 3139 851 3197 clientibus
866 3140 924 3198 suis
939 3139 1021 3197 nimis

88 3221 203 3295 teuent,
226 3239 297 3297 quos
318 3228 410 3282 temen
430 3239 505 3298 sepe
526 3213 611 3280 tacite
634 3223 765 3280 deserere
783 3228 941 3295 coguntur,
966 3239 1020 3279 ue-

87 3319 143 3378 que
159 3305 356 3363 sententiarum
373 3307 545 3385 necessarias
562 3304 1019 3385 lormessprogressiouesque*sd-

87 3388 201 3444 modum
223 3396 319 3446 curant
343 3396 371 3446 et
392 3389 428 3447 de
449 3391 596 3449 verborum
624 3406 674 3447 usu
695 3388 832 3464 rebusque
854 3387 1019 3460 grammati-

88 3472 131 3528 cis
152 3478 210 3528 tum
231 3472 321 3530 subita
353 3473 466 3530 decreta
498 3478 527 3530 et
555 3473 738 3530 incertissima
769 3473 931 3548 proterunt,
961 3476 1019 3530 turn

86 3559 153 3611 mota
177 3559 205 3610 et
225 3556 379 3613 certissima
402 3557 556 3630 negligunt,
579 3573 632 3614 nec
654 3557 685 3615 iu
707 3557 746 3614 ita
769 3555 884 3624 iaciunt,
913 3559 943 3610 ut
964 3571 1017 3611 aa·
1081 3596 1089 3600 -

86 3638 184 3694 turalis
207 3639 388 3712 negligentia
405 3647 445 3696 iet
467 3640 588 3697 licentius
610 3641 687 3718 lines.
700 3645 781 3697 caute
814 3642 932 3710 regunt,
966 3639 1017 3694 sed

87 3727 118 3774 ut
149 3721 281 3798 scriptori
316 3739 470 3781 sermonem
502 3724 600 3780 nescio
636 3739 749 3806 quarum
776 3719 1016 3793 ‘significationum

88 3819 182 3878 causa,
202 3810 272 3884 quat
289 3822 370 3869 uento
385 3807 574 3870 intellecturus
592 3813 662 3885 orat,
685 3805 812 3868 omnibus
834 3803 924 3864 modis
944 3819 1016 3862 oon-
