2468 4318
276 231 326 280 1³0
414 285 419 292 ,
616 226 850 284 0R¹AT10

276 415 365 482 quam
385 404 417 462 tn
438 396 530 462 effers
556 397 737 478 leudibus1,
774 400 886 464 eruditi
914 399 1062 463 luerunt?
1102 397 1174 460 biiii·

276 484 335 551 cile
357 489 405 546 est
423 481 483 544 hoc
504 481 542 544 de
563 483 701 544 omnibus
723 484 920 560 consumare;
953 483 1008 545 sed
1029 489 1122 548 tamen
1140 489 1175 543 est

277 573 410 643 certum,
455 565 527 647 quid
555 566 765 646 respondeam.
817 568 885 649 Ego
916 566 1028 629 multos
1057 567 1174 646 bomines

277 649 439 714 excellenti
467 649 566 711 animo
597 667 632 710 ac
659 650 768 712 virtute
788 649 884 713 luisse
908 656 938 712 et
962 651 1028 712 sine
1051 650 1175 723 doctrina,

276 742 390 798 naturae
412 733 507 812 ipsius
523 731 632 799 babitu
654 750 752 815 prope
775 735 890 811 divino,
921 751 977 815 per
1001 751 1037 796 se
1061 733 1137 814 ipsos
1155 736 1176 791 et

230 881 234 890 ,
275 817 447 880 moderatos
478 823 509 878 et
539 829 648 898 graves
679 819 832 882 exstitisse
853 813 981 884 lateor..=
1006 817 1101 878 Etiam
1120 812 1176 878 illud

276 901 421 983 adiungo,
454 899 563 981 sepius
587 899 625 960 ad
647 899 766 962 laudem
788 907 877 982 atque
901 902 1042 962 virtutem
1062 905 1176 961 naturm

276 985 343 1048 sine
372 983 508 1046 doctrina
533 983 709 1064 qunm‘sine
732 991 837 1048 natura
860 983 994 1046 valuisse
1020 983 1176 1046 doctrinan.

161 1102 165 1106 -
275 1067 376 1148 Atque
397 1067 477 1129 idern
501 1083 560 1148 ego
583 1065 667 1127 hoc²
691 1067 859 1144 contendo,
889 1085 979 1146 quium
1001 1067 1041 1128 ad
1063 1071 1176 1128 naturam

275 1149 415 1213 eximiam
439 1157 470 1212 et
492 1149 662 1212 illustrem³
684 1152 847 1214 accesserit
867 1151 944 1212 ratio
963 1149 1100 1230 quaedam
1118 1164 1176 1208 oon-

275 1234 478 1315 formatioque
508 1233 671 1310 doctrine,
707 1228 768 1295 tur'n
798 1233 871 1296 illud
892 1235 996 1294 nescio
1022 1233 1094 1314 quid
1114 1245 1176 1313 pre·

137 1337 144 1342 ·
231 1325 265 1374 16
276 1318 390 1380 clanim
413 1335 449 1379 ac
470 1316 625 1399 singulare
650 1316 752 1386 solere
775 1319 942 1391 exsistere3
979 1333 1021 1377 ex
1045 1315 1105 1378 hoo
1125 1327 1177 1376 csse

241 1419 244 1428 ·
275 1401 357 1465 buno
380 1417 516 1476 numero,
536 1417 623 1479 querno
645 1405 746 1482 patres
767 1402 866 1462 nostri
886 1399 1039 1475 viderunt,
1068 1398 1176 1459 divinum

275 1485 438 1562 bominem,
463 1481 649 1560 Africanum,
672 1501 711 1544 ex
732 1485 791 1548 boc
810 1482 992 1560 C.-Laelium,
1014 1482 1049 1544 L.
1067 1481 1177 1550 Furium,

275 1565 532 1630 moderatissimos
555 1566 692 1628 homines
716 1573 746 1628 et
767 1567 1058 1642 continentissimos,
1081 1562 1177 1626 exboo

275 1651 472 1716 fortissimum
504 1651 600 1714 virum
632 1655 662 1711 et
692 1649 758 1730 illis.
772 1648 960 1730 temporibus
981 1637 1177 1710 doctissimum

276 1734 447 1798 Catonem*1
475 1734 557 1797 illurn
582 1750 704 1808 senem;
742 1733 794 1814 qui
816 1731 973 1815 prolecto,
1006 1734 1035 1794 si
1061 1729 1132 1792 nihil
1151 1723 1177 1788 ad

226 1829 231 1846 ’
274 1817 499 1900 percipiendam
527 1815 743 1896 colendamque
771 1817 909 1879 virtutem
941 1815 1048 1877 litteris
1072 1813 1177 1876 adiuua-

183 1951 184 1960 ,
274 1906 387 1977 rentur,
408 1917 568 1981 numquam
589 1915 624 1960 se
648 1899 686 1962 ad
708 1917 811 1962 earum
834 1899 965 1961 studium
988 1897 1178 1960 contulissent

277 1983 365 2058 Quod
388 1983 417 2046 si
437 2000 499 2045 non
519 1983 568 2044 hio
591 1988 692 2045 tantus
713 1982 827 2047 fruetus
850 1981 1082 2058 ostenderetur,
1117 1975 1177 2039 etsi

276 2085 316 2132 ex
338 2065 387 2129 bis
406 2065 512 2128 studiis
535 2065 691 2128 delectatio
722 2066 788 2129 sola
815 2071 984 2146 peteretur,
1015 2070 1130 2139 tamen,
1156 2061 1179 2118 nt

276 2149 396 2232 opinor,
425 2148 505 2211 hanc
526 2149 615 2210 animi
637 2149 871 2214 remissionem⁵
891 2148 1135 2210 humanissimam
1153 2157 1178 2202 ao

275 2231 516 2298 liberalissimam
536 2231 719 2295 iudicaretis.
764 2231 838 2295 Nam
862 2236 971 2292 cetere
992 2247 1094 2311 neque
1108 2235 1178 2288 'ten-

296 2333 382 2378 orum
407 2321 476 2380 sunt
503 2333 605 2396 neque
626 2323 745 2378 etatum
767 2316 898 2377 omnium
915 2331 1015 2396 neque
1039 2314 1178 2378 locorun1;

273 2335 339 2464 fleo
362 2398 460 2462 studia
484 2398 715 2464 adolescentiam
737 2405 846 2461 acuunt
857 2398 881 2476 ⁶,
903 2403 1091 2459 senectutum
1104 2393 1179 2456 oble-

274 2488 371 2560 ctant,
398 2482 547 2545 secundas
570 2500 621 2546 res
643 2488 767 2557 ornant,
803 2481 937 2543 adversis
961 2479 1132 2562 perfugium
1153 2488 1180 2534 ac

219 2625 222 2632 ,
273 2566 416 2638 solatium
444 2565 596 2647 prebent,
629 2565 780 2627 delectant
810 2565 911 2638 domi,
942 2581 1003 2624 non
1028 2560 1180 2644 impediunt

252 2649 367 2727 ioris,
398 2655 575 2732 pernoctant
600 2649 776 2727 nobiscum,
813 2647 1065 2730 peregrinantur,
1100 2640 1180 2706 rusti-

273 2739 408 2802 cantur„

187 2805 263 2882 817
363 2814 452 2888 Quod
471 2815 499 2876 si
520 2813 579 2896 ipsi
602 2813 667 2876 baec
687 2831 786 2895 neque
808 2813 957 2894 attingere
979 2829 1081 2891 neque
1102 2821 1180 2872 sensu

272 2903 377 2962 nostro
403 2904 526 2982 gustare
545 2914 725 2979 possemus,
755 2903 852 2958 tamen
874 2913 911 2957 ea
935 2895 1038 2957 mirari
1061 2894 1179 2957 debere-

273 2999 350 3059 mus,
374 2983 462 3044 etiam
484 2999 574 3062 quum
596 2981 627 3042 in
650 2981 717 3043 aliis
740 2979 920 3043 uideremus.
964 2975 1040 3050 Quis
1057 2981 1178 3039 nostrum

272 3069 332 3126 mm
353 3066 452 3126 animo
474 3064 587 3146 agresti
618 3059 654 3126 ao
684 3063 760 3126 duro
792 3061 864 3142 luit,
902 3068 934 3124 ut
962 3060 1065 3122 Roscii
1094 3060 1178 3120 morte

270 3164 376 3230 nuper.
390 3165 453 3210 non
483 3146 746 3210 commoveretur?
793 3147 843 3226 qni
872 3164 962 3226 quum
991 3150 1073 3206 esset
1096 3153 1179 3204 senex

271 3230 418 3304 mortuus,¹
440 3227 539 3292 tamen
555 3238 680 3314 propter
695 3228 892 3291 excellentem
919 3234 1011 3290 artem
1035 3245 1070 3290 ac
1091 3237 1178 3287 uenu-

270 3323 379 3380 stetem
402 3313 560 3386 videbatur,
581 3317 703 3377 omnino
727 3313 804 3374 mori
829 3329 889 3373 non
914 3311 1065 3373 debuisse.
1107 3305 1178 3383 llrgu

270 3399 323 3461 ille
343 3398 481 3480 corporis
502 3402 584 3462 motu
604 3404 715 3460 tantum
737 3412 870 3457 amorem
894 3395 952 3457 sibi
973 3392 1178 3455 conciliatur

270 3481 540 3546 nobisomnibus:
574 3479 659 3544 bos⁷
685 3480 853 3543 animorum
874 3475 1069 3542 incredibiles
1090 3476 1177 3535 motus

269 3621 499 3638 Ἣ

308 3693 474 3750 ¹E.H.-
493 3691 614 3748 laudibus
633 3696 718 3750 allero.
763 3665 882 3746 ΗΞ..-
900 3712 946 3746 om.
965 3657 1024 3748 hbc.
1071 3687 1175 3740 'u‘

306 3771 386 3834 atquo
402 3765 438 3818 ssl.
491 3764 506 3796 ⁴
525 3765 558 3820 Ε.
575 3765 609 3817 Η.
625 3763 674 3817 all.
692 3763 773 3826 codd,
792 3765 848 3816 edd.
867 3775 926 3818 cett.
943 3789 980 3804 -
999 3763 1032 3817 M.
1054 3761 1175 3816 Catonem·

308 3833 320 3864 ⁶
340 3835 530 3906 adpersionem.
582 3833 594 3866 ⁶
613 3835 692 3888 alunt.
746 3833 842 3893 'nou
