2490 4316
175 285 180 292 .
293 231 347 286 tat
541 295 547 302 ¹
638 227 893 291 ORA'NO'

291 403 390 478 luisse
413 405 507 470 oredo
528 405 597 485 ias,
627 377 864 472 clarissimorum
884 405 1017 468 uirorum
1040 405 1150 472 tomas
1166 408 1198 472 illi

292 490 447 552 teterrimo
476 490 636 572 parricida
665 482 778 572 aliquid
806 489 928 552 decoris
957 489 1088 570 afferre,
1118 508 1199 572 neque

291 573 355 636 ullo
378 573 409 635 in
432 573 500 636 loco
523 575 623 654 potius
645 581 771 636 mortem
800 573 877 640 eius
899 574 1046 654 lacerari,
1079 575 1198 658 quamn

292 673 354 740 quo
378 661 460 718 esset
482 657 569 719 vita¹
603 657 749 720 damnato.
789 659 791 662 ’

243 747 279 796 sr
381 739 483 818 Dura,
511 740 734 818 mediusfidius,
758 711 858 802 nili¹
886 731 947 802 iam
967 739 1092 804 lorluna
1113 740 1200 824 populi

289 821 415 884 Romani
438 824 622 887 cicindelis
643 824 820 900 videbatur,
855 839 922 904 que
946 831 993 886 tot
1016 843 1113 889 annos
1133 827 1197 886 illum

288 905 320 968 in
342 906 420 968 hanc
442 925 505 969 rem
529 907 846 989 publicam'insultare
864 909 1060 988 pateretur⁶.
1112 909 1198 970 Pollu-

288 996 353 1050 erat
373 996 477 1071 stupro
499 992 701 1054 sanctissimas
728 991 915 1072 religiones,
949 999 1076 1054 senatus
1097 993 1197 1075 grauis-

242 1072 245 1082 ’
286 1074 364 1137 simo
393 1074 513 1136 decreta
542 1074 750 1158 perfregerat,
794 1074 923 1155 pecunia
953 1091 988 1136 se
1019 1095 1039 1138 a
1067 1075 1198 1138 iudicibus

286 1156 385 1240 palam
418 1158 605 1238 redemerat,
653 1163 776 1221 vexarat
809 1157 841 1218 in
875 1157 1027 1220 tribunatu
1070 1166 1197 1235 senatun,

171 1285 174 1303 ,
287 1242 420 1304 omniurn
449 1241 587 1304 ordinum
618 1259 770 1304 consensu
798 1257 855 1323 pro
886 1241 984 1302 salute
1013 1242 1197 1324 reipublice

285 1330 373 1407 gesta
392 1325 577 1402 resciderat,
599 1344 647 1388 me
669 1326 765 1406 patria
789 1323 961 1404 expulerat,
992 1324 1076 1387 bona
1099 1325 1197 1406 diripu-

286 1412 370 1485 crat,
401 1408 522 1470 domum
543 1408 736 1486 incenderat,
770 1406 902 1485 liberos,
932 1401 1097 1490 coniugerd
1119 1425 1196 1470 mean

284 1496 426 1568 vexarat,
474 1489 528 1554 Cn.
555 1491 699 1574 Pompeio
732 1488 881 1552 nefarium
911 1489 1024 1552 bellum
1056 1491 1196 1566 indixerat,

284 1575 511 1658 magistratuum
529 1575 775 1656 privatorumque
798 1573 896 1636 caedes
918 1571 1077 1654 elicuerat,
1097 1575 1195 1638 donum

284 1659 344 1720 mei
373 1657 475 1720 fratris
506 1658 712 1736 incenderat,
736 1663 869 1720 vastarat
900 1655 1071 1735 Etruriam,
1104 1658 1196 1720 multos

283 1742 408 1806 sedibus
429 1759 465 1804 ac
485 1739 616 1803 lortunis
638 1741 788 1816 eiecerat3
825 1739 961 1817 instabat,
980 1741 1130 1823 urgebat3
1155 1757 1197 1802 cn-

280 1842 358 1907 ,pere
380 1827 446 1888 cius
468 1826 627 1886 amentiam
650 1824 765 1900 civitas,
795 1823 1089 1904 ltalia-provincie,
1117 1839 1195 1905 regna

282 1924 344 1969 non
368 1913 525 1989 poterant3
569 1907 778 1969 incidebantur
806 1909 865 1968 iam
896 1905 977 1969 domi
1004 1907 1113 1990 leges,
1144 1921 1196 1987 qua

280 2005 338 2053 nos
356 1991 602 2055 servis'nostris⁴
626 1989 799 2052 addicerent
806 2009 815 2066 3
840 1989 916 2051 nihil
937 1996 1003 2051 erat
1023 1994 1195 2071 cuiusquam,

281 2075 362 2156 quod
384 2075 504 2155 quidem
527 2074 579 2136 ille
609 2073 796 2150 adamasset,
839 2073 919 2154 quod
950 2089 1011 2135 non
1042 2072 1104 2136 hoc
1131 2087 1195 2135 anno

233 2169 368 2222 ossuum
401 2157 469 2220 lore
503 2164 631 2239 putaret.
697 2156 841 2220 Obstabat
873 2158 941 2218 eius
974 2157 1195 2238 cogitationibus

279 2257 369 2302 nemo
394 2247 504 2323 praeter
526 2242 677 2307 Milouem.
724 2239 809 2302 lllum
832 2239 980 2322 ipsum⁸‚
1013 2242 1067 2320 qui
1092 2241 1195 2324 poterat

194 2367 195 2372 κ
280 2323 413 2402 obstare,
434 2341 514 2388 novo
538 2325 637 2388 reditu
660 2325 690 2385 in
712 2325 839 2412 gratiam
860 2323 947 2405 quasi
971 2322 1135 2388 divinctum
1153 2339 1195 2384 ar-

258 2406 461 2486 xbitrabatur3
508 2409 637 2472 Caesaris
662 2407 825 2489 potentiam
858 2425 942 2470 suam
973 2423 1045 2468 csso
1071 2407 1194 2478 diceban

278 2491 428 2554 bonorum
453 2493 568 2554 animos
593 2491 649 2554 in⁶
677 2507 746 2552 meo
767 2507 840 2552 casu
860 2496 1105 2570 contempserat3
1133 2488 1193 2552 llilo

278 2593 357 2638 unus
379 2576 515 2658 urgebat.
572 2574 628 2637 Hic
649 2572 691 2636 dii
713 2574 920 2651 immortales,
960 2578 1110 2656 utsupra
1133 2571 1193 2648 dixi,

278 2664 408 2720 mentem
433 2659 476 2720 illi
501 2659 619 2740 perdito
651 2673 687 2720 ac
701 2677 704 2684 ’
717 2657 835 2722 furioso
866 2656 1031 2734 dederunt,
1075 2663 1109 2721 ut
1136 2655 1193 2718 huic

276 2741 393 2806 laceret
411 2741 544 2804 insidias.
590 2740 687 2803 Aliter
707 2741 810 2822 perire
834 2741 928 2822 pestis
946 2740 998 2803 illa
1013 2757 1075 2803 non
1093 2740 1192 2823 potuit;

276 2842 438 2906 numquam
457 2825 540 2888 illurn
559 2842 610 2888 res
631 2826 752 2906 publica
773 2841 830 2887 suo
852 2826 918 2887 iure
936 2829 1017 2887 essct
1037 2824 1110 2886 ulta.
1143 2822 1192 2886 Sa·

276 2913 382 2986 natus,
404 2907 519 2987 credo,
542 2915 701 2990 pretorem
724 2925 793 2970 eum
816 2907 1114 2987 circumscripsisset
1155 2903 1191 2966 Nc

277 3007 368 3073 quum
391 2991 511 3055 solebat.
529 2993 650 3074 quidem
674 2993 705 3056 id
736 2990 858 3069 lacere,
901 2991 1072 3072 inprivato
1096 2989 1191 3054 eoden

59 3141 64 3154 ,
229 3075 338 3137 sshoc
370 3075 481 3156 aliquid
515 3075 697 3156 profecerat.
764 3077 813 3138 An
842 3073 983 3136 consules
1012 3074 1044 3136 in
1072 3078 1191 3155 praetore

178 3206 184 3237 ·.
277 3157 449 3222 coercendo
474 3157 567 3221 fortes
589 3157 742 3222 luissent?
787 3158 927 3234 Primum,
950 3155 1063 3222 Milone
1088 3156 1190 3230 occiso,

276 3241 433 3305 habuisset
455 3257 528 3305 suos
551 3244 711 3319 consules;
735 3241 844 3305 deinde
866 3243 933 3324 quis
956 3241 987 3302 in
1011 3257 1049 3302 ec
1071 3245 1190 3321 praetore

277 3326 383 3388 consul
403 3324 491 3389 fortis
508 3333 600 3404 esset,
621 3343 782 3408 perquem
802 3325 952 3388 tribunum
968 3323 1106 3386 virtutem
1121 3337 1189 3384 con-

275 3409 406 3474 sularem
429 3407 638 3472 crudelissime
659 3415 795 3472 renatam
812 3419 880 3472 csse
896 3403 1108 3470 meminisset?
1132 3403 1188 3484 Op·

274 3494 439 3576 pressisset
450 3494 560 3573 onmia,
579 3491 761 3576 possideret,
781 3498 916 3570 tenorct3
938 3492 1109 3574 legenora,
1130 3501 1188 3569 que

312 3699 322 3729 ¹
343 3701 396 3751 rita
414 3707 492 3751 erret.
516 3699 549 3752 ‚³
570 3700 601 3755 Ε.
614 3697 740 3766 Palimpt.
757 3699 781 3752 Τ.
792 3699 907 3766 -milri‚
925 3696 1046 3752 mediusl.
1085 3696 1097 3728 ¹
1117 3694 1183 3747 vidc-

262 3765 274 3786 '
309 3775 571 3890 geteugtmpigterctun
640 3770 653 3804 ⁴
680 3773 786 3826 norma·
799 3771 914 3824 serris..
958 3770 970 3802 ⁶
1001 3770 1086 3836 ipsum
1111 3766 1182 3820 illan.
