2490 4316
283 220 337 272 ss
628 201 873 280 eutero}

283 382 399 471 deaei)
421 367 531 450 olivum
556 383 757 469 Capitolinum
776 383 892 464 dicere,
912 402 963 448 me
980 386 1113 466 consule,
1134 388 1190 470 ple-

282 490 355 536 num
384 487 543 534 servorum
573 473 754 533 armatorum
781 466 889 532 tuisse.
936 469 975 553 Ut
1004 469 1074 550 illa,
1106 471 1191 549 credo,

282 555 400 618 melaria
421 553 684 618 senatusconsulta
706 551 830 630 lierent,
853 552 914 616 vim
935 553 1097 618 afferebam
1116 573 1192 616 sena-

282 635 1191 719 mmmmffifflmmffiffl

282 723 362 786 enirn
381 721 456 784 honi
476 719 569 800 nosti)
591 720 658 782 sire
678 724 758 797 sunt,
779 719 831 800 qui
853 721 933 801 apud
957 721 1034 784 tales
1051 721 1131 784 uiros
1146 728 1191 782 tan

280 803 471 886 impudenter
489 802 634 884 loquare!
656 801 732 878 Quis
747 803 828 865 enim
844 820 939 886 eques
959 803 1119 881 Romanus,
1139 805 1190 885 quis

279 893 444 971 praetorto
464 886 643 961 adolescens
664 886 790 963 nobilis,
811 887 880 966 quis
902 887 994 951 ullius
1013 888 1136 966 ordinis,
1153 886 1192 968 qui

280 989 317 1036 sc
338 971 436 1034 ciuem
458 970 664 1047 meminisset,
700 986 792 1051 quum
814 977 939 1032 senatus
963 971 996 1033 in
1020 971 1081 1034 hoo
1102 970 1191 1052 templo

281 1060 373 1133 osset,
396 1054 429 1118 in
448 1053 528 1117 olivo
550 1051 723 1135 Capitolino
744 1070 807 1114 non
827 1051 910 1114 luit?
936 1055 1003 1136 quis
1020 1071 1127 1118 nomen
1145 1070 1192 1115 non

281 1137 390 1202 dedit?
431 1155 613 1219 quamquam
639 1154 699 1200 nec
728 1136 836 1216 scribae
858 1136 1000 1200 sulficere
1025 1155 1084 1202 uec
1105 1136 1192 1200 tabule

235 1222 403 1286 renomina
420 1221 545 1284 illorum
567 1237 678 1302 capere
692 1225 865 1302 potuerunt.
906 1219 1025 1282 Etenim
1048 1220 1191 1303 quunho-

280 1305 377 1368 mines
399 1303 508 1368 nefarii
530 1302 568 1366 de
586 1304 692 1387 patrie
707 1301 871 1385 parricidio
888 1303 1113 1382 confiterentur,
1132 1321 1192 1366 con-

279 1387 415 1450 sciorum
430 1386 563 1466 indiciis,
581 1405 636 1450 sua
649 1404 751 1464 manu,
771 1402 849 1449 uoce
867 1404 955 1468 paene
972 1386 1135 1452 litterarum
1150 1403 1191 1448 oo-

279 1471 364 1548 acli,
380 1488 416 1534 se
439 1471 546 1534 urbam
566 1470 770 1547 inflammare,
794 1469 878 1532 cives
898 1470 1072 1550 trucidare,
1094 1475 1192 1534 vasone

278 1553 403 1636 ltaliam,
426 1552 530 1625 delere
548 1572 614 1616 rem
637 1554 788 1636 publicam
805 1554 1011 1632 consensisse,
1035 1555 1102 1637 quis
1119 1557 1192 1628 esset,

279 1637 333 1720 qui
360 1638 399 1702 ad
427 1637 557 1700 salutem
578 1655 767 1702 communem
788 1633 1009 1700 defendendam
1034 1656 1096 1702 non
1118 1635 1192 1706 ,exni-

279 1720 421 1784 teretur?
441 1720 612 1803 presertim
636 1738 728 1804 quum
749 1725 872 1782 senalus
886 1720 1081 1804 populusque
1100 1721 1192 1783 lloma·

278 1821 336 1868 nune
351 1804 477 1866 haberet
490 1804 608 1884 ducem,
626 1803 725 1886 qualis
739 1802 832 1885 siqui
845 1820 926 1866 nuno
941 1798 1034 1883 esset,
1053 1805 1106 1869 tihi
1121 1803 1192 1876 iden,

279 1887 362 1968 quod
382 1887 444 1952 illis
463 1886 582 1968 accidit,
603 1887 789 1970 contigisset
831 1885 880 1948 hd
900 1888 1088 1970 sepulturam
1101 1900 1191 1967 corpus

277 1971 378 2034 vitrici
399 1969 448 2035 sui
469 1978 562 2054 negat
582 1988 601 2032 a
621 1987 672 2033 me
693 1970 803 2033 datum.
849 1968 915 2032 Hoc
936 1987 1009 2034 uero
1032 1991 1074 2035 ne
1094 1971 1122 2034 P.
1136 1967 1191 2050 qui-
1230 1973 1231 2026 l

278 2053 348 2118 dem
370 2051 496 2120 Clodius
520 2054 597 2117 dixit
618 2071 778 2134 unusquam,¹
794 2070 893 2133 quem,
917 2054 987 2136 quia
1005 2053 1075 2118 iure
1098 2054 1126 2118 ei
1144 2053 1191 2114 ini·
1230 2039 1231 2126 l

278 2138 375 2208 micres
395 2135 461 2215 fui,
499 2136 592 2200 doleo
617 2141 689 2198 ate
713 2135 852 2200 omnihus
876 2137 957 2200 uitiis
980 2140 1107 2215 [οιιιιι]ι
1138 2151 1191 2198 esso
1230 2135 1231 2198 l

232 2227 462 2303 1ssuperatum.
500 2219 566 2294 Qui
587 2228 689 2284 autem
704 2220 760 2283 tibi
774 2220 857 2282 uenit
873 2220 904 2282 in
923 2227 1055 2286 mentem
1071 2221 1191 2302 redigere

179 2343 182 2350 .
278 2304 311 2367 in
328 2303 509 2368 memoriam
529 2310 674 2382 nostram,
695 2308 727 2366 te
749 2302 832 2366 domi
852 2301 883 2365 P.
901 2303 1019 2368 Lentuli
1044 2324 1113 2369 esse
1132 2303 1192 2366 edu-

278 2386 403 2451 comm?
441 2385 491 2450 An
512 2388 679 2464 verebare,
710 2404 752 2450 ue
774 2403 836 2449 non
859 2392 1032 2469 putaremus
1056 2391 1191 2452 naturate

277 2471 421 2555 potuisse
432 2477 491 2534 tam
505 2471 675 2554 improbum
687 2469 828 2547 euadere,
848 2470 908 2533 nisi
920 2472 1103 2535 accessisset
1120 2470 1189 2532 etiarn

225 2558 232 2576 “
279 2554 463 2636 disciplina?
498 2554 571 2616 Tana
595 2561 693 2617 autern
710 2569 779 2620 eras
799 2570 921 2636 excors,
944 2559 978 2618 ιιι
997 2559 1061 2618 tota
1084 2557 1118 2618 in
1134 2571 1190 2616 oro-

277 2638 362 2702 tione
384 2643 435 2700 tua
457 2643 556 2700 tecum
580 2637 647 2720 ipsc
669 2651 843 2720 pugnares,
879 2643 913 2698 ut
939 2654 1002 2700 non
1032 2637 1121 2702 modo
1143 2651 1190 2700 non

278 2720 462 2784 coherentia
481 2721 559 2784 inter
580 2738 616 2784 se
637 2720 767 2797 diceres,
790 2719 846 2782 sed
861 2720 990 2784 maxime
1011 2721 1139 2786 diiuncta
1154 2724 1189 2782 al·

277 2822 339 2886 que
363 2803 533 2882 contraria,
567 2811 609 2868 ut·
624 2821 686 2867 non
707 2808 789 2868 tante
806 2821 939 2882 mecum,
977 2812 1089 2886 quanta
1110 2811 1189 2868 tecun

277 2887 333 2950 tihi
355 2893 440 2952 esset
460 2888 624 2952 contentio.
651 2886 815 2950 'Vitrioum
841 2892 924 2950 tuum
951 2886 1050 2953 luisse
1071 2891 1103 2952 in
1123 2891 1189 2950 tanto

277 2971 397 3034 scelere
411 2970 557 3051 fatebare,
578 2984 678 3055 poena
691 2969 831 3034 affectum
845 2971 1023 3052 querebare.
1052 2972 1104 3050 lte,
1124 2964 1189 3052 quod

277 3054 404 3136 proprie
425 3073 526 3118 meum
543 3061 599 3134 est,
620 3053 766 3130 laudasti3
791 3052 872 3136 quod
895 3059 989 3118 totum
1010 3064 1058 3119 est
1076 3059 1188 3126 senatos,

223 3145 243 3168 ³
277 3134 509 3218 reprehendisti.
543 3137 618 3202 Nam
634 3136 865 3220 comprehensio
883 3139 1015 3200 sontium
1038 3158 1113 3217 mec,
1134 3133 1188 3199 ani-

197 3269 227 3306 ¹.
277 3219 449 3284 madversio
471 3227 592 3300 senalus
621 3220 687 3284 fuit.
734 3219 832 3283 Homo
855 3218 986 3287 disertus
1008 3240 1070 3286 non
1089 3216 1188 3284 iutelli-

141 3317 146 3330 ·
278 3304 334 3388 git,
356 3321 437 3383 eum,
459 3321 547 3387 quern
569 3311 675 3368 conha
696 3303 778 3382 dicit,
799 3303 915 3366 laudari
935 3323 953 3368 a
972 3323 1019 3386 se,
1040 3323 1104 3382 eos,
1123 3295 1187 3383 apud
1230 3371 1231 3388 ᾖ

233 3419 268 3470 19
280 3403 356 3468 quos
379 3387 462 3465 dicit,
483 3387 656 3470 vituperari.
690 3387 751 3450 lam
774 3386 848 3450 illud
873 3388 959 3450 cuius
985 3397 1041 3468 est,
1061 3405 1119 3450 non
1133 3385 1187 3447 dioc

206 3519 230 3558 ἱ.
279 3469 412 3534 audacie
433 3468 531 3556 (carpit
550 3472 682 3534 enimse
705 3469 875 3552 audacem),
895 3471 961 3547 sed,
982 3472 1063 3554 quod
1084 3467 1187 3535 nmine

277 3552 351 3632 vult,
372 3554 517 3634 slrrltitiae‚
539 3573 598 3638 qua
611 3554 704 3620 vincit
719 3569 835 3638 omnes,
855 3553 926 3618 cliui
943 3552 1101 3638 Capitolini
1115 3566 1186 3614 men-

276 3635 391 3700 tionem
411 3636 526 3718 faoere,
542 3657 641 3728 ¹quum
657 3638 741 3706 inter
762 3635 909 3704 subsellia
926 3646 1029 3706 nostra
1050 3639 1186 3706 versentur

284 3749 514 3770 *fi———n-
