2546 4310
195 197 300 255 nno
325 196 423 253 sex.
450 196 637 280 nouere
663 173 913 276 nunnuvoj
983 204 1018 253 so

69 369 177 435 Romae
200 363 331 434 occisus
357 377 413 436 est.
462 371 495 437 Si
515 371 597 456 lege,
617 371 697 436 bona
720 387 841 454 queque
864 368 936 456 l'e'ge
959 391 1017 436 ve-

69 457 157 518 nisse
182 453 311 532 lateor3
345 457 393 519 sin
415 461 512 520 eutem
534 461 672 534 constet,
701 461 806 519 contre
825 473 930 519 omnes
954 473 1016 520 non

69 537 164 601 modo
198 543 327 601 veteres
362 540 468 620 leges,
511 558 616 604 verum
642 539 731 602 etiem
757 557 852 602 noves
880 540 1015 604 occisum

68 639 162 700 esse,
205 621 301 685 bone
327 640 387 705 quc
415 623 483 686 iure
513 629 564 689 eut
595 639 656 705 quo
677 622 767 686 modo
790 629 841 686 ιιιιι
862 641 921 706 qua
942 624 1014 706 lege

69 705 248 783 venierint,
297 724 410 788 quaero.
464 707 498 770 ln
526 723 615 789 quem
646 705 706 770 lroo
736 707 851 786 dicam,
892 701 1126 788 quaeris‚12744

69 788 187 851 Eruci?
222 787 298 851 Non
317 792 348 853 in
370 809 449 870 eum,
471 809 560 873 quem
580 792 627 854 vis
651 796 682 852 et
704 796 810 872 putas3
845 809 915 855 nam
939 789 1012 854 Sul-

70 871 128 933 lam
157 877 190 934 et
221 873 326 935 oratio
355 893 423 937 mee
445 874 482 937 eh
504 875 590 937 initio
615 878 646 936 et
668 874 764 955 ipsius
786 874 896 937 eximia
918 875 1012 938 virtus

72 955 153 1018 omni
175 961 324 1038 tempore
345 959 494 1040 purgavit.
539 958 606 1040 Ego
627 957 693 1020 haeo
713 958 814 1020 omnio
830 957 1011 1040 Chrysogc-
1112 964 1115 979 '

69 1055 140 1100 num
164 1038 290 1104 fecisse
312 1040 401 1120 dico,
430 1046 464 1104 ut
485 1042 697 1120 ementiretur,
727 1048 760 1104 ut
780 1043 890 1104 melum
913 1042 1010 1104 civem

69 1119 217 1184 Roscium
243 1121 345 1186 fuisse
366 1123 511 1208 lingeret,
548 1131 582 1188 ιιι
609 1143 678 1189 eum
709 1125 790 1207 apud
818 1124 1010 1188 adversarios

70 1206 208 1270 occisum
232 1225 309 1271 esse
336 1207 467 1287 diceret,
490 1214 531 1282 vut
557 1208 643 1272 hisce
675 1208 714 1274 de
743 1209 834 1272 rebus
859 1208 1010 1290 elegatis

70 1288 295 1352 Amerinorum
316 1291 419 1354 doceri
443 1291 477 1356 L.
499 1291 612 1356 Sullam
634 1309 743 1374 pessus
767 1293 897 1356 nonsit
943 1291 1021 1354 De:

71 1373 162 1454 nique
185 1374 283 1437 etiem
306 1375 380 1438 illud
402 1376 561 1457 suspicor,
601 1378 724 1439 omnino
754 1374 819 1438 haec
846 1375 926 1440 bone
948 1391 1010 1436 non

71 1456 211 1532 venisse;
260 1457 297 1520 id
319 1458 401 1540 quod
422 1465 538 1541 postea,
568 1459 594 1521 si
616 1476 673 1540 per
692 1465 759 1535 vos,
788 1459 915 1538 iudices,
937 1459 1008 1520 lici·
1075 1533 1077 1537 ι
1114 1532 1116 1536 Ι

72 1541 130 1600 tum
154 1541 225 1617 erit,
248 1541 414 1623 aperietur.
449 1540 565 1624 Opinor
585 1542 665 1603 enim
681 1559 751 1604 esse
768 1542 798 1602 in
815 1542 896 1622 lege,
918 1559 1007 1622 quam
1020 1551 1072 1601 126

73 1620 109 1682 ud
135 1622 217 1685 diem
240 1625 485 1710 proscriptiones
509 1624 763 1705 ,venditionesque
781 1622 870 1698 fiant3
913 1624 1007 1684 nlmi-

72 1706 202 1767 mmcd
226 1707 393 1770 Kalendas
416 1708 532 1770 Iunios.
585 1706 712 1788 Aliquot
740 1713 810 1789 post
832 1723 952 1785 menses
976 1713 1008 1767 et
1067 1763 1070 1770 ,

74 1784 161 1853 bomo
183 1792 311 1854 occisus
333 1797 389 1874 est,
423 1797 453 1854 et
473 1791 554 1854 bona
577 1792 700 1854 venisse
718 1791 867 1854 dicuntur.
927 1789 1007 1851 Pro·
1080 1863 1082 1870 Ι

74 1868 150 1934 lecto
180 1881 234 1937 out
255 1875 324 1938 haeo
343 1874 423 1938 bone
444 1875 476 1938 in
491 1874 617 1937 ¹tubulos
638 1874 774 1956 publices
798 1874 880 1937 nulla
902 1873 1007 1935 redic-

74 1962 158 2033 runt,
199 1975 327 2040 nosque
357 1958 394 2020 ab
423 1959 482 2021 isto
511 1956 663 2020 nebulone
692 1957 819 2021 lucetius
849 1956 1007 2034 eludimur,

76 2055 160 2117 quam
186 2047 353 2122 putemus,
388 2048 454 2130 eut,
486 2042 514 2105 si
536 2040 707 2122 redierunt,
739 2041 848 2105 tebulae
879 2039 1007 2121 publicae

77 2129 222 2204 corrupte
248 2125 351 2206 alique
369 2126 486 2188 ratione
501 2130 578 2188 sunt.
613 2124 688 2187 Nem
706 2124 776 2208 lege
792 2124 911 2207 quidem
927 2123 1008 2185 bone
1049 2141 1060 2168 ν

75 2203 177 2268 venire
193 2225 259 2272 non
281 2209 418 2290 potuisse
439 2214 563 2272 constet.
604 2207 754 2290 intelligo,
777 2227 826 2270 me
843 2214 912 2270 ente
927 2212 1007 2268 tem-

76 2303 148 2368 pus,
178 2290 321 2371 iudices,
358 2291 423 2356 hee
453 2291 582 2354 scrutari
605 2298 635 2354 et
654 2291 871 2374 propemodum
893 2308 1007 2366 errare,

78 2371 135 2448 qui,
163 2391 258 2455 quum
279 2376 369 2460 capiti
388 2375 460 2440 Sex.
486 2374 589 2438 Roscii
610 2375 881 2453 mederi-debeam,
910 2374 1008 2440 redu-

78 2452 149 2516 viam
173 2475 290 2520 curem.
349 2457 418 2522 Non
445 2460 526 2522 enim
554 2457 673 2532 laboret
694 2459 732 2522 de
754 2459 901 2541 pecunie3
943 2473 1006 2518 non

80 2535 163 2601 ullius
187 2544 338 2605 rationem
360 2543 407 2606 sui
429 2541 579 2605 commodi
601 2541 702 2619 ducit3
726 2541 817 2605 facile
838 2544 1004 2624 egestatem
1120 2619 1123 2626 Ι

79 2634 156 2682 suem
180 2641 216 2686 se
237 2626 368 2689 laturum
387 2631 480 2708 putet,
502 2627 529 2688 si
542 2624 607 2710 ,heo
631 2625 755 2708 indigna
778 2625 952 2706 suspicione
974 2628 1026 2684 et'

80 2697 142 2794 iloto
164 2707 291 2772 erimine
305 2710 460 2773 ,liberatus
487 2710 537 2773 sit.
596 2707 709 2771 Verum
739 2724 841 2790 quaeso
865 2707 1067 2784 evobis,1ec

80 2784 198 2869 iudices,
227 2799 263 2856 ut
285 2792 351 2854 haec
373 2810 479 2875 pauco,
512 2808 579 2874 quoe
603 2792 789 2870 restantia
812 2791 950 2872 audietis,
971 2797 1003 2854 ut

80 2871 179 2942 parum
201 2893 252 2938 me
280 2875 383 2938 dicere
406 2894 463 2958 pro
489 2877 628 2957 meipso
649 2875 779 2957 putetis,
813 2875 920 2956 partim
945 2893 1002 2956 pro

68 2946 144 3013 .Sex.
158 2953 279 3021 Roscio.
317 2958 391 3032 Quae
413 2960 492 3022 enim
514 2958 586 3022 mihi
606 2959 666 3041 ipsi
687 2957 811 3040 indigne
836 2965 868 3021 et
888 2959 1002 3020 intole-

82 3033 180 3101 rabilia
196 3043 346 3119 videntur,
371 3059 497 3126 qnaeque
518 3043 556 3105 ed
579 3060 696 3119 omnes,
717 3040 777 3104 nisi
796 3041 1002 3122 providemus,

83 3115 202 3184 arbitrer
223 3128 396 3208 pertinere,
442 3143 479 3188 ee
510 3143 566 3207 pro
597 3143 646 3188 me
676 3127 744 3208 ipso
767 3143 807 3186 ex
832 3125 923 3203 animi
942 3125 1001 3186 mei

83 3211 165 3266 sensu
187 3225 222 3270 eo
245 3209 352 3272 dolore
373 3209 556 3291 pronunti03
590 3225 657 3292 quae
684 3207 721 3272 ed
745 3208 834 3270 huius
857 3209 924 3270 vitae
946 3225 1001 3271 ce·
1250 3255 1251 3262 t

86 3293 142 3380 ltu}
164 3305 343 3374 causamque
366 3293 555 3374 pertineant,
591 3292 711 3374 etquid
732 3291 782 3353 hic
804 3307 861 3372 pro
884 3305 919 3352 se
940 3289 1001 3352 dici
1085 3367 1086 3372 ἵ
1143 3341 1147 3361 ,
1250 3289 1251 3326 ³

86 3363 147 3428 velit
167 3378 194 3432 et
221 3376 489 3458 queiccndioicne
520 3381 676 3439 contentus
698 3377 757 3452 sit,
792 3375 851 3435 ium
880 3371 912 3434 in
927 3373 999 3432 'ex-

87 3445 167 3514 treme
187 3459 323 3522 eratione
344 3465 466 3538 nostre,
501 3460 635 3538 iudices,
666 3459 802 3522 audietis.
849 3455 915 3599 Εῗίο
935 3454 1000 3517 hoee
1012 3464 1063 3515 1³0

89 3530 321 3624 aChrysogono
355 3561 423 3606 mea
457 3549 586 3625 sponte,
628 3549 744 3606 remoto
775 3539 845 3604 Sex.
904 3539 1000 3618 decio,

90 3626 192 3707 ludio,
228 3627 366 3707 primum,
392 3644 487 3708 quere
510 3627 585 3689 civis
606 3627 710 3709 optimi
732 3625 813 3686 bona
832 3621 999 3699 venierint3
1060 3616 1109 3690 45

91 3685 201 3782 demde,
233 3728 326 3790 quare
348 3710 479 3773 hominis
504 3711 588 3789 eius,
611 3710 662 3791 qui
687 3725 787 3790 neque
810 3706 998 3792 proscriptus

89 3785 173 3858 ¹¹⁹er
192 3793 267 3874 apud
289 3793 490 3875 adversarios·
505 3794 625 3860 occisus
648 3797 702 3872 est,
736 3791 817 3854 bono
839 3789 996 3870 venierint,
