2494 4314
276 267 328 318 140
621 259 854 317 onorio

277 435 364 502 obire
386 431 531 500 facinoris
548 431 649 496 locum
665 439 844 516 tempusque
857 430 1016 516 uoluisset,
1039 453 1181 519 nunquan
1232 433 1233 510 l

231 521 458 603 astreliquisset.
513 515 585 580 Milo
614 523 714 580 autem
741 537 831 599 quum
853 519 883 580 in
905 526 1013 583 senatu
1033 519 1135 584 fuisset
1152 537 1181 582 ao

277 606 346 684 die,
383 602 483 686 quoad
510 606 631 664 senatus
661 607 707 663 est
728 601 916 680 dimissus¹,
944 597 1075 666 'domun
1098 605 1182 678 venio
1232 599 1233 624 *

276 690 397 752 calceos
420 691 451 750 ει
473 685 650 748 vestimenta
672 687 813 762 mutavit3
857 685 1041 769 paullisper,
1071 687 1135 750 dum
1155 703 1182 750 sc

275 789 356 835 uxor
377 769 422 849 (ut
441 763 487 852 lit)
510 774 671 849 comparat,
688 774 889 831 commoratus
913 776 969 848 εει,
992 769 1101 834 deinde
1119 775 1182 869 pro-

254 854 402 918 .feclus²
425 852 458 915 id
480 852 643 934 temporis,
667 870 758 932 quum
781 853 840 914 iam
866 850 1008 932 Clodius,
1032 855 1059 916 si
1078 855 1182 936 quiden

258 955 316 1002 sco
339 937 388 1000 die
409 934 533 997 Romam
551 941 696 997 venturus
718 940 791 1012 erat,
815 936 916 999 redire
936 937 1094 1018 potuisset
1130 937 1182 998 Ob·
1232 943 1233 1010 Ϊ

276 1023 355 1084 viam
375 1019 407 1082 lit
428 1019 457 1082 ei
479 1017 612 1096 Clodius,
636 1018 805 1100 expeditus,
827 1020 858 1080 io
880 1037 977 1101 equo,¹
991 1021 1075 1082 nulla
1095 1020 1182 1096 rbeda,

275 1105 367 1168 nullis
391 1101 631 1185 impedimentis,
676 1102 767 1165 nullis
798 1100 910 1166 Graeois
943 1105 1121 1181 comitibus,
1157 1107 1182 1164 ut

277 1187 412 1264 solebat,
442 1186 509 1248 sine
540 1202 655 1263 uxore,
691 1185 772 1266 quod
803 1204 962 1266 numquam
986 1186 1073 1265 lere,
1093 1203 1181 1268 ,quun
1232 1191 1233 1253 I

275 1271 328 1336 bic
357 1268 532 1346 insidiator,
563 1269 615 1349 qui
645 1269 702 1330 iter
731 1268 805 1331 illud
833 1269 870 1332 ad
896 1270 1008 1333 oaedem
1030 1269 1182 1334 faciendam
1232 1281 1233 1322 ι

276 1357 470 1437 apparasset,
501 1370 570 1414 cum
589 1369 688 1413 uxore
709 1351 871 1416 veheretur
891 1353 923 1415 in
945 1353 1059 1430 rheda,
1091 1371 1181 1436 paenu-
1232 1401 1233 1409 ,

275 1437 370 1514 latus,
406 1452 517 1518 magno
546 1441 576 1497 ct
605 1434 749 1516 impedito
773 1442 804 1497 et
821 1436 959 1500 muliebri
979 1439 1018 1499 'ac
1040 1434 1179 1501 delicato¹
1231 1435 1233 1520 ]

229 1521 450 1593 coancillarum
473 1536 696 1600 puerorumque
718 1519 867 1582 comitatu.
915 1521 961 1583 Fit
981 1521 1100 1583 obviam
1120 1518 1182 1582 Clo·
1232 1523 1233 1552 ι

276 1606 327 1670 dio
359 1609 427 1667 ante
457 1601 581 1686 fundum
606 1603 671 1664 eius
693 1601 769 1664 bora
793 1600 861 1664 fere
884 1603 1043 1666 undecima
1062 1611 1113 1666 aut
1133 1619 1182 1664 non

274 1689 369 1754 multo
400 1704 500 1751 secus.
547 1684 652 1749 Statim
683 1687 855 1766 complures
878 1704 947 1750 cum
976 1688 1045 1749 telis
1068 1689 1097 1749 in
1117 1687 1182 1748 bunc

273 1772 388 1836 faciunt
412 1769 540 1832 deloco
562 1771 721 1850 superiore
745 1772 906 1851 impetum;
941 1770 1061 1834 adversi
1084 1768 1182 1832 rheda-

154 1929 158 1937 ,
273 1857 353 1920 riurn
376 1852 533 1926 occiduut3
578 1871 669 1932 quum
691 1858 789 1916 autem
811 1853 861 1915 laio
884 1853 922 1916 de
943 1854 1057 1931 rheda,
1083 1854 1182 1915 reiecta

273 1937 422 2022 paenula,
449 1935 623 1998 desiluisset
653 1953 687 1997 se
731 1953 749 1998 e
781 1937 843 1998 aori
878 1939 978 2001 auimo
1011 1936 1181 2010 defenderet,

273 2023 337 2100 illi,
363 2020 414 2101 qui
436 2025 522 2080 crant
544 2035 611 2080 curn
635 2016 690 2081 Clo
712 2020 759 2097 io,
780 2020 897 2102 gladiis
923 2021 1056 2098 eductis,
1088 2019 1182 2102 partim

198 2165 201 2172 ,
273 2119 434 2168 recurrere
464 2102 502 2164 ad
534 2101 676 2180 rhedam,
709 2109 741 2165 ut
771 2122 789 2164 a
816 2109 904 2187 tergo
926 2104 1069 2167 Milonem
1091 2101 1182 2166 adori-

272 2192 388 2264 rentur,
412 2185 529 2266 partim,
552 2185 632 2266 quod
653 2185 735 2248 bunc
758 2185 816 2258 iarn
837 2187 1025 2252 interiectum
1048 2190 1182 2270 putarent,

273 2269 392 2334 caedere
414 2269 561 2350 incipiunt
582 2269 648 2331 eius
679 2287 804 2348 servos,
841 2271 891 2352 qui
920 2278 990 2352 post
1020 2278 1119 2347 erant,
1150 2285 1182 2328 cr
1231 2267 1232 2280 ¹

273 2353 383 2434 quibus
416 2353 467 2434 qui
501 2353 601 2414 animo
633 2351 714 2415 lideli
752 2352 784 2415 in
812 2353 964 2419 dominum
994 2361 1025 2416 et
1055 2350 1182 2437 presenti

271 2435 411 2513 inerunt,
436 2437 546 2516 pa'rtirn
568 2437 663 2498 occisi
681 2442 768 2514 sunt,
796 2439 920 2519 partim,
949 2456 1041 2519 quum
1063 2438 1100 2500 ad
1119 2436 1182 2499 rbe-

125 2589 129 2608 ‚
272 2520 342 2584 dam
362 2519 493 2602 pugnari
514 2517 666 2596 viderent,
702 2519 852 2582 domino4
885 2539 1067 2584 succurrere
1088 2517 1182 2603 probi-

146 2623 178 2664 ·,
232 2674 234 2686 ¹
271 2603 426 2681 berentur,
454 2601 596 2664 Milonem
616 2603 749 2665 occisum
772 2608 801 2664 ει
822 2620 862 2665 cx
882 2605 950 2687 ipso
974 2604 1085 2668 Clodio
1106 2601 1181 2666 audi-

270 2693 341 2748 rent
363 2692 394 2748 et
413 2703 449 2748 re
470 2702 543 2747 vera
565 2691 720 2765 putarent,
754 2684 892 2749 fecerunt
922 2689 952 2751 id
973 2691 1054 2752 servi
1076 2685 1181 2751 llilouis

272 2767 385 2850 (dicam
408 2767 488 2829 enim
507 2770 636 2849 aperte⁶
667 2786 728 2831 non
760 2768 916 2834 derivandi
938 2773 1072 2834 oriminis
1094 2787 1182 2842 causa,

273 2851 329 2915 sed
349 2857 381 2914 ut
402 2850 512 2914 lactum
537 2850 611 2931 est,)
646 2870 704 2914 nec
725 2851 891 2934 imperante
922 2873 980 2916 nec
1000 2857 1115 2918 sciente
1136 2867 1182 2914 noo

271 2939 420 3016 prasente
441 2935 581 3013 dominu,
612 2935 693 3018 quod
714 2952 787 2998 suos
811 2937 939 3019 quisque
960 2957 1067 3002 servos
1089 2940 1119 3000 in
1139 2933 1182 2998 tali

160 3007 208 3084 ll
227 3036 308 3092 aure
330 3017 433 3081 lacere
458 3018 614 3080 voluisset.
660 3017 747 3096 llaec,
771 3020 850 3082 sicut
871 3023 1017 3103 exposui,
1047 3024 1087 3084 ita
1108 3025 1183 3105 gesta

272 3108 359 3180 sunt,
389 3101 523 3177 iudices;
565 3101 724 3165 insidiator
747 3111 906 3184 superatus
929 3107 998 3168 εειο
1011 3126 1021 3182 ;
1065 3107 1096 3170 vi
1119 3105 1183 3165 victa

271 3187 319 3250 uis
350 3185 399 3250 vel
425 3184 525 3264 potius
556 3200 705 3266 oppressa
734 3187 843 3249 virtute
869 3189 996 3254 audacia
1014 3195 1069 3252 εει
1115 3181 1183 3250 Nibil

271 3269 361 3348 dico,
393 3267 465 3349 quid
496 3279 547 3330 res
575 3269 696 3348 publica
718 3277 879 3333 consecuta
903 3273 959 3350 sit,
995 3265 1186 3353 nibil,‘quid

250 3370 346 3430 -uos,
367 3351 458 3427 nihil,
492 3350 564 3431 quid
589 3369 694 3412 omnes
715 3353 797 3415 boni.
844 3354 926 3417 Nihil
949 3374 1023 3418 sano
1044 3356 1076 3419 id
1099 3350 1185 3437 prosit

185 3447 190 3455 “
270 3433 394 3514 Miloni,
426 3434 478 3516 qui
505 3433 565 3496 hoo
595 3433 657 3496 fato
687 3441 864 3516 natusest,
897 3445 993 3501 utne
1016 3457 1051 3502 se
1074 3437 1184 3519 quiden

269 3535 393 3584 servaro
424 3518 577 3602 potuerit,
618 3518 691 3600 quin
720 3537 780 3582 una
806 3537 872 3584 reru
899 3521 1051 3604 pubbcam
1078 3532 1184 3600 uosque

308 3723 319 3756 ¹
339 3723 372 3776 Ε·
389 3723 447 3784 ᾱῑῑῗε
475 3724 562 3788 Quini·
579 3751 615 3764 -·
633 3727 755 3783 dimicans
774 3737 821 3781 est.
859 3726 874 3759 ¹
893 3730 1027 3798 profectur
1045 3739 1091 3783 εει
1107 3731 1109 3738 ’
1128 3725 1140 3758 ⁸
1157 3737 1182 3774 ¹⁶

303 3793 366 3846 mul.
386 3802 413 3845 ει
430 3793 483 3845 del.
536 3795 551 3826 ⁴
571 3805 598 3848 et
615 3798 732 3851 domiuo.
787 3799 867 3851 ⁶oua
886 3809 986 3868 aperte.
1048 3798 1120 3862 ⁶1⁴2,
1137 3793 1183 3846 Po·

303 3860 389 3929 liupr.
411 3858 497 3928 Taua,
522 3863 582 3930 ulii,
601 3868 679 3922 etiam
698 3867 862 3934 Quintiliani.
879 3894 914 3908 —-
931 3887 978 3926 uu.
997 3878 1046 3925 cat.
