2546 4310
337 249 408 310 xvi

249 463 251 470 ,
285 415 361 480 cote,
385 419 476 481 nepae
491 403 550 466 dici
573 405 616 465 sit
630 405 703 464 ιιιιᾶο
715 411 824 464 ceteras
840 421 930 482 nequa
944 404 973 464 in
994 421 1030 466 eo
1044 405 1132 466 allam
1155 423 1215 468 esse

286 491 491 548 confessionem
513 491 555 548 rei
577 489 678 548 deinde
711 489 899 564 mitigande„
924 489 1020 565 ltaque
1049 495 1105 550 tum
1136 510 1214 550 unum

284 575 413 632 codicem
430 574 614 632 llaunieasem
635 579 664 630 et
683 579 807 632 veterem
825 572 975 632 editionem
992 579 1103 632 secutus
1117 592 1214 633 vocem

286 659 402 730 sustuli,
446 675 518 715 nunc
549 655 635 716 uideo
657 673 718 715 earn
745 673 844 714 vocem
867 658 965 714 abesse
995 659 1024 714 in
1045 655 1118 716 (ind.
1148 661 1165 714 l
1191 666 1216 715 et

237 752 240 760 ’
286 748 416 814 quattuor
441 741 650 798 Monacensibas
676 747 705 798 et
733 740 966 813 llelmstadiensi,
1002 743 1030 797 in
1053 758 1108 814 qno
1133 760 1215 815 snpra

285 825 388 898 scripte
411 831 463 896 est,
484 831 513 881 ut
534 830 678 899 appareat,
705 821 740 880 dc
763 823 967 882 oxoniensibus
990 824 1137 882 codicibus
1160 843 1214 883 non

286 914 365 964 recte
384 909 490 980 taceri,
522 915 551 965 et
574 923 635 964 esse
656 909 728 966 banc
750 922 861 980 quoqne
884 907 988 981 prioris
1011 908 1123 964 familie
1144 926 1214 982 pro·

284 991 373 1065 priam
411 989 663 1065 interpolationem.
705 989 802 1065 (Apud
826 990 975 1048 Soldanum
1010 991 1038 1048 in
1073 993 1214 1048 varietate

285 1075 431 1148 scripturas
453 1092 505 1148 pro
527 1073 596 1133 Gud.
619 1077 635 1133 l
662 1075 818 1149 appellatur
839 1072 908 1130 (iud.
933 1073 964 1146 2,
985 1075 1036 1131 sed
1058 1091 1141 1133 error
1164 1092 1215 1150 ap-

283 1165 365 1232 paret
384 1175 412 1232 p.
435 1154 499 1230 83).
828 1175 832 1182 ·
1099 1201 1102 1208 .

374 1241 460 1309 §27
489 1242 591 1300 editum
623 1247 666 1297 est
694 1239 728 1298 ab
758 1237 885 1298 omnibns
916 1256 1003 1313 nsque
1034 1240 1069 1298 ad
1090 1247 1216 1300 nostram

284 1327 410 1396 tempas:
451 1325 548 1382 Multis
577 1324 626 1380 ille
655 1324 766 1398 quidem
793 1322 929 1396 proditus
959 1324 1123 1396 officiorum
1148 1339 1217 1396 erpo

284 1405 484 1480 rempublicam
514 1415 642 1466 nostrum
669 1407 708 1464 od
736 1403 789 1464 lace
811 1408 919 1480 reprom
941 1423 1042 1464 nomem
1065 1408 1214 1477 nsceodit5

283 1491 341 1549 sed
359 1499 452 1548 tomen
473 1498 537 1563 etc,
559 1494 588 1550 et
608 1493 752 1548 confirmat
774 1507 833 1548 eam
851 1487 1136 1563 scripturamGud.1
1155 1507 1214 1548 cnm

164 1583 168 1593 ’
283 1580 343 1633 tota
366 1576 471 1632 familia
492 1577 590 1634 altera.
638 1574 712 1630 Ecce
734 1573 880 1645 lllotnius,
903 1573 1077 1645 beneckius,
1107 1575 1213 1632 Solda-

283 1675 335 1716 aus
361 1659 441 1716 nobis
465 1675 501 1716 ex
524 1659 593 1731 Eri,
615 1655 685 1715 Gud.
705 1660 737 1732 2,
759 1657 872 1728 Salisb.,
897 1657 959 1713 Par.
976 1657 1015 1712 lll
1030 1658 1212 1716 substituunt:

283 1743 381 1798 Multis
401 1742 512 1816 quidem
534 1742 604 1811 ille,
637 1743 773 1799 rationem
797 1733 1054 1812 etiamascribnnt,
1074 1742 1212 1798 soldanus

285 1826 394 1897 quidem
420 1826 464 1882 lris
494 1825 603 1882 verbis:
645 1819 757 1880 ”Verba
789 1823 861 1880 enim
887 1822 983 1880 multis
1008 1822 1149 1896 prodebas
1177 1853 1207 1864 -

284 1907 411 1964 ascendit
432 1914 608 1981 opponuntur
627 1909 672 1979 iis,
704 1923 765 1980 qum
787 1905 1003 1980 subsequuntur:
1045 1907 1096 1964 scd
1118 1916 1212 1964 tornea

284 1997 349 2064 etc,
371 1992 484 2064 ejusque
507 1991 548 2046 rei
571 2007 653 2048 cansa
677 1990 712 2046 ad
732 1989 828 2046 motta
848 1990 1028 2047 retrahendus
1049 1997 1091 2048 est
1106 2007 1211 2048 eccen-

283 2079 345 2145 tus,
363 2131 364 2140 ,
381 2091 434 2132 neo
455 2073 567 2146 quidem
590 2074 753 2150 pronomine
773 2073 824 2130 ille
844 2072 992 2144 interjecto
1014 2075 1048 2130 ab
1072 2075 1124 2133 illo
1148 2076 1210 2148 ipso

281 2159 378 2217 multis
401 2151 636 2230 sejungendum”,
665 2157 818 2230 eodemque
839 2156 922 2213 modo
946 2157 1109 2214 Beneckius.
1153 2159 1210 2214 lta-

283 2244 336 2316 ipre
357 2248 450 2298 notam
472 2244 564 2312 legem
586 2241 673 2298 Latini
694 2240 830 2297 sermonis
853 2246 899 2296 ant
915 2239 1061 2312 ignorasse
1081 2240 1210 2298 videntur

283 2332 344 2396 aut,
378 2331 407 2381 ut
431 2325 574 2381 codicibus
597 2323 653 2380 illis
677 2324 916 2396 gratificarentur,
949 2323 1028 2379 obliti
1053 2340 1134 2396 esse,
1164 2323 1208 2380 nbi

284 2408 454 2466 concedatur
479 2407 582 2482 aliquid
605 2407 799 2482 (praedicatum
821 2406 943 2479 aliquod,
968 2413 998 2463 ut
1020 2424 1092 2462 nuno
1113 2405 1208 2480 loqui-

282 2487 406 2565 martin
428 2491 522 2564 aliquo
543 2482 681 2564 subiecto,
704 2490 804 2547 deinde
828 2491 994 2548 contrarium
1017 2490 1207 2563 subiungatur,

204 2621 208 2629 ,
280 2575 322 2634 ibi
344 2575 548 2650 oppositionem
571 2591 681 2648 semper
701 2574 776 2631 illam
807 2574 916 2648 quidem
949 2573 977 2630 in
1010 2589 1041 2631 re
1073 2588 1206 2632 concessa

108 2701 111 2708 ι
233 2721 242 2738 .
282 2675 363 2730 esse,
395 2658 453 2738 sed
468 2657 505 2715 ad
524 2674 584 2714 eam
606 2658 753 2715 notandam
774 2657 859 2715 inseri
880 2674 1032 2732 pronomen
1055 2658 1090 2714 ad
1110 2659 1207 2714 subie-

282 2748 364 2814 ctum,
389 2742 423 2798 de
441 2758 495 2814 quo
512 2741 689 2814 concedatur,
710 2741 852 2814 pertineas
870 2742 950 2816 eique
972 2741 1137 2814 particulam
1155 2739 1206 2796 ad·
1248 2763 1249 2799 ι

278 2825 386 2884 herere
409 2826 484 2882 nullo
513 2824 647 2896 singulari
675 2825 846 2899 pronominis
878 2825 1022 2898 pondere,
1055 2824 1105 2880 sed
1133 2820 1206 2898 quod

279 2909 335 2967 boo
358 2908 447 2982 ipsam
469 2908 641 2981 pronominis
662 2925 757 2966 munna
778 2908 816 2966 sit
845 2910 896 2984 (ex
925 2923 979 2981 qno
1009 2908 1111 2965 dicitur
1139 2905 1206 2964 molo

252 2990 423 3066 ‘equidem
455 3007 510 3048 non
530 2991 600 3048 uolo
628 2991 740 3063 quidem
762 3007 831 3062 epo,
864 3007 932 3062 nec,
968 2991 1109 3064 quomodo
1136 3003 1206 3048 nunc

280 3075 340 3131 lere
359 3075 496 3146 scribunt,
527 3074 754 3148 adloquentem).
800 3074 867 3130 Nam
889 3075 1022 3146 allegem
1043 3075 1205 3142 tenuissent,
1247 3091 1248 3106 ι

279 3159 363 3214 aliam
385 3158 593 3216 excasationem
614 3157 785 3232 quesissent,
810 3175 865 3214 non
886 3157 972 3229 illam,
994 3174 1054 3230 qum
1075 3173 1091 3214 a
1111 3158 1204 3214 latina

170 3301 173 3308 ,
208 3297 211 3302 ,
276 3242 452 3315 proprietate
473 3258 586 3314 prorsus
605 3243 755 3299 aberraret.
797 3241 945 3298 Rarissima
967 3241 1085 3318 reperiri
1107 3258 1205 3298 exem·

279 3325 325 3398 pla
349 3322 519 3398 pronominis
541 3326 685 3398 particulae
707 3326 835 3394 subiecti,
859 3323 918 3382 dixi
943 3325 978 3381 ad
999 3323 1057 3382 Fin.
1079 3324 1142 3381 libr.
1167 3320 1204 3379 lV
1246 3321 1247 3330 ’

279 3411 300 3476 §
324 3409 383 3480 43,
420 3408 466 3464 ubi
494 3425 550 3466 non
581 3415 657 3466 recte
687 3409 787 3484 scripsi
816 3409 851 3465 de
880 3409 1039 3466 melioribus
1062 3407 1204 3465 codicibus
1246 3443 1247 3453 ι

279 3491 492 3548 Tusculanarum
522 3492 550 3548 in
571 3492 633 3550 libr.
659 3493 793 3564 1§223
835 3508 897 3548 nam
918 3493 1009 3549 codex
1030 3492 1143 3564 regius,
1175 3493 1203 3546 ut
1240 3524 1242 3534 ·

270 3591 341 3631 eum
363 3575 489 3647 decebat,
514 3591 608 3633 verum
629 3575 754 3634 ordinem
777 3576 867 3631 babet.
909 3575 1003 3649 Neque
1026 3575 1054 3632 in
1076 3576 1131 3632 lroc
1147 3575 1203 3632 ae-

278 3657 422 3714 iotariaae
437 3660 502 3715 loco
524 3659 718 3734 dubitabimus,
739 3659 804 3731 qnia
826 3660 854 3714 ia
875 3658 1019 3715 codicibus
1036 3660 1139 3732 prioris
1159 3659 1203 3714 ia-

279 3741 363 3796 miliae
391 3741 498 3798 librarii
520 3742 644 3800 ordinem
675 3748 810 3799 anostro
839 3759 921 3800 sensu
946 3743 1071 3802 nonnihil
1100 3741 1202 3797 abbor-
1245 3789 1246 3802 .

280 3829 385 3882 rentem
416 3823 586 3886 inverterint.
642 3827 682 3882 Dc
714 3825 831 3901 Philipp.
863 3831 952 3883 autem
982 3825 1038 3895 vt,
1074 3826 1087 3880 l
1117 3829 1143 3880 et
1169 3820 1201 3880 ad
