2468 4318
234 270 327 330 etto
362 267 548 328 naenia
579 267 746 328 POETA.
903 275 955 330 tio

38 466 101 534 pom
129 449 159 511 et
189 443 230 509 ad
249 442 474 526 suscipiendam
495 432 527 506 et'
546 441 585 507 ad
608 442 640 507 in
680 439 837 508 ediendnn
856 441 955 508 ratio-
1071 447 1074 452 '

37 552 99 596 nem
119 531 227 594 horum
248 524 415 592 studiorum
436 529 597 591 exstitisse.
690 526 729 591 od
750 527 780 591 si
796 527 861 592 haec
883 547 955 606 vox,

37 617 118 680 huius
145 615 267 677 hortatu
297 612 520 695 preceptisque
550 609 756 689 consonante,
797 613 953 676 nonnullis

37 698 189 781 aliquando
212 698 301 760 saluti
323 695 398 772 luit,
422 716 439 758 ιι
463 711 524 777 quo
545 693 577 757 id
601 695 789 778 accepimus,
811 713 873 778 quo
896 714 954 760 ca.

37 785 102 846 teris
123 781 265 863 opitulari
287 786 317 842 et
344 779 420 842 alios
447 795 571 842 serrare
591 796 762 860 possemus,
785 779 856 842 huic
869 797 971 862 ipro»

36 866 109 928 lecto
130 865 199 946 ipsi,
232 865 375 946 quantum
396 869 443 925 est
467 863 556 927 situm
578 863 609 929 in
628 863 728 942 nobis,
759 871 901 949 elopem
923 871 955 928 et

38 950 154 1013 salutem
176 947 262 1010 ferre
285 947 440 1010 debemus.
486 944 533 1008 Αο
563 963 603 1008 ne
635 946 703 1027 quis
733 966 751 1010 a
778 946 868 1010 uoltis
895 948 985 1012 hocs

39 1033 74 1095 ita
93 1033 149 1095 dici
178 1031 261 1094 lorte
291 1031 436 1106 miretur,
470 1027 551 1111 quod
580 1029 639 1092 alia
672 1029 807 1111 quaedom
837 1032 868 1094 in
895 1031 956 1096 hoo

38 1115 153 1179 facultas
175 1117 216 1178 sit
233 1113 361 1198 ingenii,
383 1130 483 1194 neque
504 1112 569 1175 liceo
593 1112 713 1176 dicendi
730 1115 808 1176 ratio
830 1121 880 1179 aut
904 1115 955 1178 ‹ti-

40 1200 174 1282 scipine,
222 1217 263 1261 ne
291 1214 347 1260 nos
368 1194 488 1278 quidem
510 1195 582 1259 huic
602 1195 681 1258 uni¹
713 1197 813 1261 studio
834 1199 955 1280 penitius

38 1301 168 1364 umquam
183 1282 278 1345 dediti
294 1280 415 1343 luimus.
452 1279 574 1342 Etenim
595 1297 702 1344 omnes
722 1289 813 1359 artes,
835 1299 903 1363 que
917 1281 956 1346 ad

38 1364 243 1428 humanitatem
274 1365 450 1446 pertinent,
480 1361 590 1428 labent
615 1363 765 1446 quoddam
796 1383 956 1430 comumne
990 1439 993 1454 Ι

32 1448 180 1530 ,sinodum
205 1455 236 1511 et
260 1447 346 1530 quasi
369 1447 552 1530 cognatione
572 1448 699 1528 quadam
721 1450 799 1511 inter
821 1467 856 1512 se
877 1465 956 1513 con-

40 1531 171 1595 tinentur.
214 1530 289 1596 ·Sed
310 1548 350 1592 ne
372 1531 422 1592 cui
439 1533 571 1593 uestrum
592 1531 700 1594 mirum
719 1549 788 1594 esse
810 1528 1028 1612 videntum

40 1633 81 1677 me
101 1616 131 1678 in
149 1616 316 1698 quaestione
332 1614 467 1698 legitima
483 1620 514 1675 et
532 1614 563 1675 in
580 1613 692 1677 iudicio
711 1615 844 1696 publico,
866 1635 958 1698 quum

40 1715 84 1760 res
106 1706 212 1784 agatur
232 1699 314 1782 opud
335 1704 496 1779 pretorem
519 1697 624 1778 populi
646 1696 791 1776 Romani,
823 1697 958 1763 lectissi-

41 1785 110 1844 mum
138 1785 257 1862 virum,
293 1789 326 1845 ct
355 1778 434 1864 apud
460 1781 672 1844 severissimos
703 1781 838 1862 iudices,
873 1789 958 1846 tanto
1054 1815 1058 1818 ·

42 1874 181 1930 conventu
208 1866 364 1930 hominum
395 1881 431 1927 ac
460 1862 646 1946 frequentia,
679 1864 740 1928 hoc
769 1867 812 1929 uti
841 1884 959 1950 genere

43 1947 160 2029 dicendi,
184 1949 268 2032 quod
285 1967 347 2012 nou
369 1948 460 2012 modo
485 1965 503 2010 a
526 1948 745 2012 cousuetudine
766 1950 959 2028 iudiciorum,

42 2037 249 2098 verumetiam
275 2053 292 2097 ιι
316 2032 433 2096 forensi
454 2049 596 2095 sermone
621 2032 791 2112 abhorreat,
814 2051 917 2116 quasso
939 2052 972 2100 u.

42 2115 128 2195 vohis,
151 2126 185 2182 ut
209 2120 241 2180 in
264 2116 322 2180 hac
344 2133 435 2179 causa
456 2115 528 2178 mihi
552 2115 631 2179 detis
656 2116 734 2180 hono
750 2118 879 2196 veniam,
902 2136 959 2181 ao-

44 2201 250 2265 commodatam
274 2200 346 2264 huic
369 2216 435 2277 reo,
458 2199 557 2276 vobis,
582 2200 833 2281 quemadmodum
855 2219 958 2284 spero,

43 2296 96 2343 non
118 2287 287 2359 molestam,
316 2290 348 2346 ut
368 2301 417 2346 me
438 2299 495 2363 pro
516 2301 634 2346 mmmo
657 2288 750 2366 poeta
771 2292 861 2366 atque
883 2305 959 2349 eru-
982 2339 986 2348 .

45 2362 180 2431 ditissimo
200 2369 324 2430 homine
349 2367 515 2441 dicentem,
545 2367 605 2428 hoo
628 2385 779 2430 concursu
804 2369 958 2432 hominum

45 2443 338 2527 litteratissimorum,
361 2451 419 2513 hac
439 2456 539 2513 vestra
561 2449 760 2529 humanitate,
783 2452 843 2514 hoc
867 2451 959 2515 deni-

47 2547 96 2608 que
118 2545 249 2615 praetoro
272 2541 435 2598 exercente
459 2533 611 2610 iudicium,
631 2534 784 2616 patiamini
797 2535 835 2598 de
851 2535 958 2600 studiis

45 2609 223 2683 humanitatis
247 2638 282 2683 ac
303 2620 468 2681 litterarum
488 2617 592 2699 paullo
614 2615 698 2698 loqui
723 2618 849 2682 liberius
875 2625 905 2682 et
927 2619 960 2682 iu

47 2697 184 2780 eiusmodi
211 2720 366 2786 persona,
402 2720 468 2782 quae
497 2705 623 2783 propter
654 2701 746 2764 otium
771 2721 806 2765 ac
829 2701 960 2766 studium

42 2780 155 2847 minime
171 2794 209 2851 ‘in
228 2786 349 2850 iudiciis
364 2785 569 2867 periculisque
584 2790 709 2848 tractata
726 2792 783 2865 est,
803 2788 846 2848 uti
862 2803 960 2869 prope
988 2837 992 2844 ,

47 2878 118 2927 novo
139 2871 268 2952 quodam
290 2876 320 2932 et
341 2869 480 2931 inusitato
502 2886 618 2949 genere
643 2869 789 2932 dicendi*
822 2869 912 2944 Quod
933 2870 989 2932 sid

48 2944 110 3010 mihi
133 2972 150 3015 a
171 2955 258 3017 vobis
288 2952 378 3016 tribui
410 2949 598 3032 concedique
628 2953 775 3031 sentiam,
806 2951 961 3035 perficiam

49 3031 184 3116 prolecto,
206 3044 238 3102 ut
259 3037 339 3100 hunc
360 3034 398 3098 A.
419 3033 568 3098 licinium
589 3051 650 3098 non
666 3036 757 3099 modo
773 3053 833 3100 non
848 3055 961 3120 segre·
1083 3106 1088 3114 ⁸

50 3116 185 3199 gaudum,
211 3139 303 3204 quum
326 3121 365 3183 sit
387 3119 481 3195 civis,
512 3130 677 3181 enumero
699 3119 827 3199 civium,
856 3137 963 3184 verum

51 3197 139 3274 etiam,
162 3205 189 3266 si
210 3223 271 3267 non
294 3210 386 3280 esset,
407 3201 518 3283 putetis
540 3200 768 3266 adsciscendum
790 3203 896 3268 luisse.

129 3281 202 3350 Nam
223 3294 255 3350 ut
271 3288 400 3369 primum
422 3303 461 3346 ex
484 3286 735 3367 puerisexcessit
758 3288 887 3351 Archias
912 3293 963 3350 at·
993 3283 1033 3356 ,3

52 3375 102 3439 tite
122 3368 156 3430 ab
175 3370 213 3434 iis
238 3371 363 3448 artibus,
385 3369 494 3450 quibus
516 3375 589 3434 etas
610 3370 736 3450 parerilis
761 3371 798 3434 ad
820 3370 963 3440 humani·-

52 3446 131 3512 tatem
149 3453 304 3518 informari
326 3454 415 3531 solet,
437 3469 472 3515 se
494 3452 706 3516 adscribendi
729 3454 858 3517 studium
884 3471 964 3516 oon-

53 3525 124 3608 tulit,
154 3539 283 3619 primum
311 3535 481 3600 Antiochim
512 3536 593 3616 (nam
626 3537 669 3600 ibi
696 3545 785 3601 natus
815 3543 862 3601 est
891 3537 964 3598 loco
986 3535 1013 3594 .’

54 3611 161 3704 nobili),
182 3621 295 3686 celebri
316 3619 467 3703 quondam
489 3619 567 3682 urbe
588 3625 619 3684 et
641 3621 767 3704 copiosa
781 3627 871 3704 atque
888 3637 964 3682 eru-

55 3687 193 3768 ditissimis
222 3704 395 3768 hominibos
424 3702 705 3788 liberalissimisque
735 3705 843 3771 studiis
872 3702 964 3769 alitu-

58 3807 271 3840 &—

87 3867 96 3900 ¹
116 3884 197 3936 cuncti
212 3899 271 3938 cum
288 3889 349 3937 noto
367 3890 487 3949 comant.
