2468 4318
265 259 314 316 ln
333 259 384 322 xla
418 215 700 316 cnul'ulrtstt.
904 239 984 332 rrs'

17 441 112 500 uacua
133 430 252 497 mortis
270 415 410 516 periculo
432 435 522 513 atque
539 429 659 496 insidiis
676 429 741 495 ruit.
782 429 849 516 ligo
865 431 960 500 multa

17 519 106 597 tacui,
128 517 231 580 multa
255 516 376 599 pertuli,
397 516 489 579 multa
511 516 660 594 concessi,
681 515 774 578 multa
793 531 862 579 meo
875 534 958 598 quo-
1070 555 1073 562 ·

16 604 83 665 dam
116 600 256 678 dolore,
291 599 323 663 iu
352 604 456 661 vestro
484 592 611 678 timore,
642 600 757 666 sanavi.
810 597 898 662 Nunc
930 601 960 665 si

15 686 95 748 lruuc
117 685 242 747 exitum
263 681 437 746 consulatus
455 683 515 763 mei
537 681 578 745 dii
600 683 786 747 immortales
806 699 876 746 esse
897 701 960 746 vo-
1054 756 1058 766 Ι

15 769 147 846 luerunt,
180 773 217 830 ut
242 784 308 844 vos,
337 772 440 847 patres
463 766 636 849 conscripti,
665 767 870 850 populumque
891 766 958 830 llu-

15 869 135 915 manum
173 867 220 914 ex
257 849 340 912 caede
376 849 564 930 miserrima,
600 851 749 995 coniqus
781 839 959 932 liberosque
1015 901 1022 912 ,

16 941 133 998 vestros
158 934 366 1018 virginesque
394 932 531 998 Vestales
565 952 604 996 ex
633 951 704 996 acer
725 933 829 997 issima
859 950 959 998 verra-

17 1020 108 1097 tione,
130 1019 255 1101 templa
279 1023 369 1098 atque
387 1016 524 1096 delubra,
545 1016 622 1081 lranc
642 1016 875 1099 pulcherrimam
898 1035 959 1101 pa·

18 1103 101 1164 triam
126 1103 270 1170 omnium
294 1106 429 1163 nostrum
454 1117 493 1162 ex
517 1100 694 1164 loedissima
716 1100 844 1178 flamma,
866 1107 958 1164 totam

18 1184 130 1249 ltaliam
155 1204 201 1248 ex
226 1184 309 1247 bello
340 1190 369 1246 et
399 1185 537 1248 vastitate
568 1185 737 1266 eriperem,
770 1201 959 1268 quacunque

20 1269 88 1332 milri
110 1270 167 1332 uni
189 1273 385 1352 proponetur
406 1266 545 1346 fortuna,
578 1269 730 1332 subeatur.
772 1267 905 1347 Etenim,
930 1267 959 1331 si
1043 1283 1046 1288 ·

19 1351 49 1414 l‘.
68 1352 223 1416 Lentulus
248 1370 335 1434 suum
352 1368 473 1429 nomen,
505 1349 643 1415 inductus
665 1371 684 1414 a
707 1351 836 1431 vatibus,
865 1350 959 1418 iatale

22 1435 56 1497 ad
76 1438 254 1518 perniciem
277 1434 385 1517 pupuli
403 1433 553 1497 Romani¹
576 1433 645 1497 lore
665 1437 790 1517 putavit,
820 1453 875 1499 cur
897 1452 958 1519 ego

21 1536 78 1582 nou
94 1521 194 1599 luter,
220 1537 321 1582 meum
343 1518 531 1599 consulatum
552 1518 591 1582 ad
612 1519 739 1582 salutem
760 1517 959 1601 reipublice

23 1619 114 1685 prope
140 1603 271 1667 letalem
296 1601 475 1664 exstitisse?
509 1601 629 1679 Quare,
661 1608 761 1684 patres
783 1593 1029 1684 conscriptum

24 1687 171 1750 consulite
196 1685 308 1763 vobis,
341 1685 507 1767 prospicite
534 1685 655 1767 patria,
688 1692 868 1747 conseruate
892 1701 960 1762 vos,

26 1771 183 1854 coniuges,
206 1769 323 1833 liberos
343 1767 541 1850 fortunasque
558 1776 687 1849 vestras,
708 1768 814 1851 populi
831 1767 960 1833 Romani
979 1823 981 1826 .
1010 1799 1012 1808 ι

25 1866 132 1916 nomeu
156 1855 351 1934 salutemque
380 1850 535 1916 defendite
541 1871 551 1929 ;
596 1849 669 1917 milri
696 1870 824 1936 parcere
854 1870 890 1915 ac
920 1852 960 1916 dc
1082 1883 1085 1890 ·

26 1951 70 1997 me
89 1939 234 2020 cogitare
256 1936 394 2000 desinite.
440 1934 515 1999 Nam
544 1925 673 2018 primuni
699 1936 798 2001 debeo
821 1954 960 2036 sperare,

28 2032 126 2082 omnes
150 2021 243 2098 deos,
275 2020 326 2102 qui
347 2019 419 2082 huic
437 2020 506 2083 urbi
527 2021 702 2103 praesiderrt,
733 2036 790 2101 pro
813 2037 851 2084 eo
874 2020 960 2096 milri,
986 2095 991 2102 f

28 2117 59 2160 ac
79 2103 219 2184 mereor,
239 2104 389 2166 relaturos
411 2121 481 2168 esse
502 2104 673 2188 gratiam&
696 2102 816 2182 deinde,
840 2103 867 2168 si
887 2102 960 2186 quid
1075 2131 1077 2134 ·

30 2182 176 2268 obtigerit,
195 2205 284 2270 aequo
299 2187 398 2250 animo
414 2194 581 2270 paratoque
595 2189 718 2251 moriar.
749 2186 825 2260 Nam
841 2186 960 2269 neque⁸

29 2270 119 2350 turpis
143 2290 231 2354 mors
253 2270 324 2334 lorti
342 2271 408 2333 viro
438 2277 539 2353 potest
562 2271 702 2335 accidere
725 2291 825 2354 neque
847 2272 959 2334 imma-

30 2351 90 2414 tura
112 2355 271 2420 consulari
291 2372 349 2416 nec
371 2356 481 2417 misera
505 2355 643 2437 sapienti.
690 2353 754 2418 Nec
776 2361 876 2418 tamen
897 2371 958 2438 ego

31 2448 91 2496 sum
111 2438 165 2501 ille
191 2439 330 2516 ferreus,
355 2439 408 2520 qui
430 2436 532 2501 fratris
557 2438 706 2502 carissimi
728 2439 781 2501 et⁴
812 2439 958 2502 amantis-

33 2515 93 2611 simi
114 2522 277 2602 praesentis
297 2539 439 2584 moerore
461 2533 671 2585 non·mcvear
695 2522 864 2602 horumque
888 2539 958 2584 om·
1007 2525 1011 2530 ’

34 2613 107 2664 nrum
139 2605 295 2684 lacrimis,
332 2606 481 2687 aquibus
509 2623 557 2668 rrro
588 2607 819 2668 circumsessum
840 2603 958 2667 videtis.

33 2677 131 2765 Neque
148 2707 250 2752 meam
271 2695 400 2752 ruentem
425 2707 486 2752 non
500 2689 621 2753 domum
638 2705 721 2772 supe
736 2693 861 2750 revocat
879 2705 957 2750 exa-

35 2765 135 2833 rimata
156 2790 238 2836 uxor
259 2773 313 2834 et⁶
333 2772 448 2835 abiecta
473 2779 555 2835 metu
575 2771 636 2835 lilia
658 2780 689 2836 ct
709 2772 853 2855 parvulus
867 2769 959 2850 iilius,

36 2863 116 2926 quem
144 2857 221 2920 milri
250 2855 368 2919 videtur
401 2857 540 2938 amplecti
571 2873 623 2919 res
655 2856 776 2938 publica
807 2861 959 2936 tamquam

36 2929 164 3001 obsidem
189 2939 363 3003 consulatus
384 2940 462 3017 mei,
483 2958 584 3023 neque
608 2940 678 3018 ille,
705 2941 756 3021 qui
779 2944 959 3020 exspectans

37 3008 115 3081 huius
145 3026 259 3086 exitum
290 3024 351 3086 diei
379 3023 462 3088 stat6
496 3024 528 3086 irr
559 3029 723 3104 conspectu
750 3040 822 3088 meo
851 3038 959 3106 gener.

37 3093 152 3168 llovem
172 3108 220 3170 tris
242 3107 334 3171 rebus
357 3107 514 3186 omnibus,
538 3106 646 3170 sedin
668 3124 734 3168 eam
756 3107 889 3189 partem,
915 3107 960 3169 uti

40 3181 106 3246 salvi
127 3190 187 3253 sint
207 3192 364 3254 vobiscum
388 3209 513 3269 omues,
547 3190 664 3253 etiamsi
694 3209 744 3252 me
763 3191 809 3254 vis
833 3187 960 3270 aliqua⁷

40 3276 227 3352 oppresserit,
248 3275 359 3358 potius,
380 3293 469 3357 quarn
494 3281 525 3336 et
543 3274 596 3338 ille
618 3279 650 3335 et
670 3291 726 3337 nos
749 3292 809 3337 uua
829 3273 876 3333 rei
897 3288 960 3352 pu-

41 3340 118 3412 blicae
139 3365 227 3438 peste
247 3376 417 3441 pereamus.
461 3358 572 3435 Quare,
593 3363 694 3440 patres
711 3354 885 3436 conscripti,
906 3355 997 3424 in-n.

42 3433 159 3502 cumbite
181 3441 365 3506 adsalutem
386 3443 432 3505 rei
453 3441 622 3525 publicae⁸3
645 3439 867 3522 circumspicite
889 3454 959 3499 om-

42 3523 91 3575 ues
111 3525 273 3605 procellas,
297 3543 363 3609 que
384 3525 569 3609 impendent,
592 3525 652 3588 nisi
674 3523 849 3608 providetis.
890 3519 961 3584 Non

47 3648 263 3679 N———a

75 3709 225 3827 ¹c'otld3-
242 3743 311 3845 rplp.
359 3739 462 3796 ’aaut
481 3769 515 3780 -·
534 3751 599 3844 qpat.
617 3758 686 3795 csse.
732 3737 834 3793 ’eodm
852 3765 888 3839 ῖ-
905 3737 960 3792 Ne·

76 3815 215 3938 tarsu:
247 3810 354 3938 out
369 3839 406 3922 1:
422 3813 844 3950 retrursus-zena
888 3809 960 3864 „n

90 4009 132 4057 05⁸.
148 4021 208 4062 Orat.
224 4022 266 4062 Set.
413 4037 416 4043 ⁴
748 4027 765 4072 fl

633 4203 638 4210 -
685 4179 707 4224 0
