2468 4318
315 232 363 289 lit
379 233 412 289 L.
430 230 706 290 CATILINAM.
939 240 975 290 ee

56 405 138 472 lmus
163 405 237 470 belli
267 404 425 470 domestici
446 405 553 471 ducem
574 406 642 472 sine
664 403 873 472 controversia
894 405 975 470 vici-

57 509 135 554 mum
171 490 242 554 Non
274 491 354 553 enim
380 491 439 557 iam
467 492 546 555 inter
575 492 669 555 latera
697 495 801 554 nostra
830 490 894 552 sica
922 491 976 554 illa

53 575 231 653 versabitur,
260 591 321 637 non
345 575 377 638 in
398 572 515 656 campo,
543 591 605 637 non
627 575 658 637 in
679 573 760 652 foro,
783 588 846 636 non
865 574 897 635 in
911 573 979 638 'cu-'

55 659 190 736 adanon
214 658 348 739 denique
369 658 448 721 intra
470 658 653 721 domesticos
675 658 806 740 parietes
826 657 977 738 pertime-

55 758 179 806 scemus.
227 742 313 804 Loco
336 742 389 804 ille
410 748 509 806 motus
537 748 600 820 est,
635 760 726 824 quum
757 747 803 804 est
832 756 873 802 err
900 741 1002 804 urbe¹
1114 805 1119 812 ,

57 825 204 906 depulsus.
255 823 356 888 Palam
381 825 441 887 ianr
461 844 530 890 oum
552 825 651 901 boste,
679 825 763 887 nullo
783 823 978 906 impediente,
1098 874 1101 882 .

56 908 165 970 bcdum'
184 910 297 972 iustum
316 926 469 992 geremus.
512 908 584 973 Sine
605 909 697 972 dubio
716 908 900 990 perdidimus
916 907 978 970 bo-

54 993 160 1056 minem
182 991 404 1075 magnificeque
426 992 564 1071 vicimus,
587 1011 677 1074 quum
699 992 783 1056 illum
805 1011 845 1055 ex
869 992 977 1055 occul·
1062 997 1066 1008 “

57 1076 92 1137 tis
111 1077 229 1140 insidiis
251 1077 283 1139 in
300 1083 435 1157 apertum
449 1076 638 1140 latrocinium
657 1077 851 1139 coniecimus.
888 1074 1006 1148 Quod²

56 1176 207 1223 veronen
238 1165 395 1223 cruentum
423 1177 616 1239 mucronem,
653 1164 686 1223 ut
713 1160 825 1237 voluit,
861 1159 977 1235 extulit,

15 1325 19 1330 .
58 1243 134 1323 quod
158 1229 238 1308 vivis
260 1243 349 1306 nobis
372 1261 517 1326 egressus
540 1250 606 1322 est,
635 1244 719 1325 quod
742 1245 772 1306 ei
794 1243 910 1305 ferrum
934 1241 978 1304 c¹

56 1326 188 1390 manibus
219 1327 425 1407 extorsimus,
462 1326 552 1409 quod·
568 1327 736 1390 incolumes
760 1328 862 1404 cives,
895 1325 979 1409 quod

58 1415 177 1473 stantem
198 1412 307 1475 urbem
329 1410 470 1492 reliquit,
502 1417 613 1492 quanto
636 1411 757 1474 tandem
782 1411 868 1475 illum
889 1428 979 1474 moc-

58 1509 124 1555 rare
145 1512 216 1558 esse
240 1493 411 1557 afflictant
446 1500 477 1556 et
496 1495 689 1577 profligatum
716 1495 852 1577 putatis?
898 1495 980 1558 lacet

59 1575 107 1638 ille
127 1595 208 1640 nunc
228 1583 460 1660 prostratusque
482 1584 529 1640 est
549 1579 600 1639 ctl
632 1595 667 1640 se
688 1571 861 1660 percailsum
891 1584 980 1660 atque

60 1659 201 1724 abiectum
234 1677 306 1724 esse
337 1662 427 1724 sentit
458 1666 489 1723 et
520 1661 687 1742 retorquet.
702 1661 809 1724 oculos
840 1661 980 1742 prolecto

61 1759 137 1825 sepe
157 1746 197 1809 ad
216 1745 297 1808 bane
314 1745 431 1820 urbem,
456 1762 545 1827 quam
570 1745 673 1808 e'suis
689 1743 827 1808 saucibus
846 1749 981 1827 ereptam

60 1843 125 1890 esse
145 1829 230 1912 luget
237 1848 247 1904 ;
272 1846 339 1910 que
361 1827 483 1910 quidem
504 1827 576 1891 mibi
601 1827 720 1892 laetari⁴
740 1828 878 1908 videtur,
898 1827 981 1910 qubd

60 1915 164 1975 tantam
184 1919 305 1995 pestem
328 1913 497 1975 evomuerit
516 1912 662 1994 forasque
685 1913 858 1995 proiecerit.

104 2031 109 2048 ι
142 1996 215 2058 not
236 1996 346 2078 siquis
364 2001 411 2059 cst
432 1996 511 2074 talis,
536 1997 641 2078 quales
665 2015 735 2060 esse
755 1990 1053 2078 omnesopor-a2

62 2077 147 2158 lebat,
171 2080 224 2163 qui
248 2081 281 2143 in
300 2078 359 2141 boc
379 2081 459 2161 ipso,
480 2080 513 2142 in
534 2098 595 2162 quc
617 2081 748 2144 exsultat
771 2087 800 2144 et
820 2079 982 2164 triumphat

64 2163 154 2225 oratio
178 2182 266 2243 mea,
288 2181 337 2224 me
357 2163 553 2226 vehementer
574 2171 712 2245 accuset,
742 2165 823 2247 quod
845 2172 904 2227 tam
926 2181 982 2226 ea-
1090 2173 1096 2186 “

63 2244 178 2325 pltalem
197 2247 324 2310 'bostem
347 2265 409 2310 non
440 2247 722 2329 comprehenderim
775 2251 854 2312 otius
892 2266 982 2332 quam

65 2330 232 2408 emiserim,
264 2347 327 2394 non
357 2335 403 2392 est
431 2333 488 2393 ista
509 2348 578 2394 mea
599 2331 707 2414 culpa,
742 2263 893 2411 dubites,
927 2330 982 2399 sed

64 2416 238 2496 temporum.
282 2412 499 2477 Interiectum⁶
525 2433 595 2478 esse
616 2414 649 2477 L.
674 2415 832 2480 Catilinam
851 2422 883 2479 et
906 2433 982 2498 gra-

65 2497 181 2560 uissimo
205 2497 359 2580 supplicio
381 2497 521 2562 allectum
543 2497 720 2582 iampridem
742 2499 911 2581 oportebat,
931 2497 983 2561 id-

66 2597 120 2658 que
143 2601 161 2644 a
183 2599 234 2644 me
257 2587 288 2643 et
307 2597 373 2644 mos
397 2582 543 2645 maiorum
568 2589 598 2646 et
621 2582 710 2647 buius
737 2583 857 2664 imperii
889 2599 983 2646 seue-

66 2663 133 2726 ritas
156 2671 187 2727 et
207 2673 259 2728 res
289 2665 410 2746 publica
437 2667 614 2748 postulabat.
663 2666 724 2732 Sed
755 2685 844 2748 quarn
872 2665 984 2732 multos

66 2742 157 2810 luisse
178 2747 307 2833 putatis,
331 2749 402 2830 qui,
423 2767 490 2830 quae
511 2767 571 2833 ego
596 2747 764 2830 deferrem,
787 2767 848 2836 non
873 2748 984 2812 crede-

49 2832 153 2892 'rent'l
186 2849 277 2916 quam
298 2832 418 2910 multos,
441 2834 492 2915 qui
513 2838 602 2898 etiam
624 2832 846 2898 defenderent?
880 2839 984 2916 [quam

69 2915 183 2996 multos,
216 2917 268 2999 qui
287 2921 414 2998 propter
434 2918 586 2981 stultitiam
610 2935 671 2980 non
691 2918 855 3000 putarent?
896 2933 985 3000 quam

70 2997 190 3079 multos,
223 3000 274 3083 qui
301 3006 427 3082 propter
450 3001 670 3083 improbitatem
690 3000 895 3077 laverent‘l]⁷
938 2998 987 3062 Ac

70 3079 109 3157 si,
140 3082 194 3149 illo
223 3083 386 3160 subtat0⁸,
419 3083 531 3166 depelli
554 3103 572 3148 a
594 3085 681 3148 vobis
705 3103 794 3149 omne
815 3085 987 3168 periculum

72 3161 246 3248 iudicarem,
284 3167 459 3251 iampridem
485 3185 545 3252 ego
570 3169 604 3232 L.
626 3167 783 3233 Catilinam
805 3186 867 3235 non
895 3167 986 3250 modo

72 3289 295 3306 ψ.

107 3355 179 3412 ²de.
231 3359 347 3424 ’eodm
364 3359 445 3415 Ares.
460 3387 495 3400 -
513 3363 565 3417 ald.
584 3381 654 3418 esse.
710 3365 722 3398 ¹
753 3363 824 3417 codd.
841 3379 914 3433 pene
930 3377 988 3413 om·

103 3429 154 3482 cea'.
179 3455 213 3468 -
235 3441 397 3503 prostratus,
425 3433 538 3497 Quirites
589 3445 623 3487 et.
679 3435 802 3499 ⁴eodd.,
836 3435 892 3484 edd.
918 3441 988 3495 cett„

105 3498 168 3554 aa.
187 3499 238 3566 (aa
258 3505 313 3558 rar.
327 3502 390 3554 Hoc.
410 3503 463 3566 ur,
486 3501 514 3568 o,
534 3472 589 3570 do)
607 3529 643 3546 -
656 3491 714 3560 lac
727 3506 799 3558 malr.
835 3504 848 3536 ⁶
869 3503 941 3555 aona
953 3527 990 3542 -

106 3569 145 3630 bt
183 3572 406 3639 ‘Interemptum
444 3574 701 3644 'codd.(Tepem.,
722 3571 868 3644 llbenaup.)
888 3575 1008 3624 cicani.-

107 3638 150 3702 (de
166 3643 254 3710 uncis)
273 3645 399 3708 Anonymi
415 3654 439 3696 et
457 3644 564 3700 Blocbia'.
581 3669 615 3682 -
633 3645 794 3698 crederent?
816 3662 858 3714 qu.
880 3661 924 3709 m,
943 3645 989 3712 qui

107 3724 209 3781 propter
225 3724 257 3767 st.
278 3733 331 3768 non
357 3716 500 3778 putarent?
527 3734 573 3785 qu.
593 3735 637 3780 m,
665 3718 709 3786 qui
730 3714 862 3769 eadat?
891 3731 934 3781 qu.
953 3731 988 3766 m.

107 3798 146 3846 qu.
162 3795 263 3909 Ἤρη
277 3783 387 3853 improb.
407 3787 457 3838 lav.
484 3789 540 3840 aiae
564 3789 647 3840 sema·
706 3785 829 3849 tonan,
857 3783 913 3838 cdd.
931 3793 989 3837 cett.

107 3871 166 3907 -s
212 3874 245 3908 ,ι
267 3871 290 3908 o.
662 3877 665 3886 ¹
