2490 4316
228 220 543 280 rnrurrrrca
570 191 800 282 sacerna
934 221 988 282 aaa

46 392 239 460 bacchatusl
268 393 315 458 Ab
336 395 413 460 bora
435 397 524 460 tertia
545 395 712 476 bibebatur,
736 394 904 483 ludebatur,
928 413 987 460 vo-

46 479 204 578 mebatur.
226 511 229 518 v
251 478 278 542 0
300 485 378 542 tecta
399 481 475 562 ipsa
509 481 638 578 misera,
653 530 660 544 ,
674 497 763 578 qoam
785 473 907 560 dispari
926 480 986 544 do-

44 562 987 729 ’ottiddtttttdttiltttsstiodobaldi·

46 747 184 796 suorum
210 729 248 792 bl.
270 728 368 793 Varro
390 732 486 794 voluit
514 748 584 793 esse
603 731 707 809 illud,
742 747 803 793 non
828 730 983 793 libidinum

47 813 276 876 deversorium.
325 813 399 886 Qua
426 816 457 878 in
490 815 543 878 illa
571 814 642 878 villa
672 820 758 877 antea
782 814 983 876 dicebantur?
996 824 1047 874 tos
1140 847 1144 854 ·

46 914 125 978 quae
149 897 382 978 cogitabantur?
417 915 483 981 quae
504 899 612 980 litteris
638 897 881 967 mandabantur?
915 898 984 961 lura

46 979 162 1062 populi
184 979 319 1056 Romani,
344 988 534 1044 monumenta
555 982 713 1058 maiorum,
738 981 835 1042 omnis
857 982 984 1062 sapien-

47 1064 104 1125 tiae
129 1063 207 1124 ratio
231 1065 390 1145 omnisque
412 1065 565 1127 doctrinae.
612 1065 653 1126 At
672 1074 759 1141 uero,
783 1071 814 1125 te
835 1065 984 1146 inquilino

46 1147 131 1227 (non
147 1147 226 1207 enim
248 1146 394 1226 domino),
414 1149 618 1228 personabant
638 1149 738 1210 onmia'
756 1149 881 1210 vocibus
899 1148 985 1210 ebri-

46 1247 163 1302 orum;
185 1230 327 1292 natabant
348 1232 519 1312 pavimenta
543 1233 631 1308 vino;
649 1231 813 1294 'madebant
832 1232 984 1314 parietem

46 1312 182 1396 ingenui
204 1313 291 1395 pueri
315 1332 381 1377 cum
406 1315 586 1392 meritoriis,
622 1321 720 1377 scorta
751 1315 830 1377 inter
854 1320 985 1376 matres-

47 1396 185 1458 familias
219 1397 424 1460 versabantur.
482 1397 593 1460 Casino
623 1399 780 1461 salutatum
812 1397 984 1474 veniebant,

46 1479 196 1560 Aquino,
210 1528 212 1532 .
226 1479 403 1543 Interamna.
448 1481 607 1545 Admissus
637 1487 684 1543 est
712 1497 811 1543 nemo.
859 1481 928 1544 lure
951 1481 983 1542 id

48 1561 193 1644 quidem3
238 1563 270 1626 in
299 1563 421 1626 bomine
451 1565 530 1626 cuim
557 1564 734 1646 turpissimo
764 1561 983 1626 obsolefiebant

48 1645 209 1729 dignitatis
241 1646 381 1728 insignia.
425 1643 523 1721 Quum
546 1647 617 1711 inde
635 1645 760 1709 Romam
784 1646 981 1728 proficiscens
995 1658 1046 1709 loo

48 1731 91 1791 ad
116 1729 268 1810 Aquinum
291 1731 469 1810 accederet,
505 1731 624 1794 obviam
643 1731 674 1793 ei
695 1731 847 1812 processit
868 1731 914 1810 (ut
934 1737 983 1792 est

48 1811 199 1894 frequens
218 1813 426 1896 municipium)
449 1832 558 1897 magna
579 1831 654 1876 sane
668 1813 836 1876 multitudo.
868 1812 908 1875 At
923 1814 982 1875 iste

47 1901 161 1978 operta
195 1896 302 1959 lectica
335 1897 412 1960 lutus
441 1916 499 1979 per
530 1897 673 1980 oppidum
698 1902 751 1959 est
779 1902 812 1958 ut
839 1903 984 1958 mortuus.

48 1977 148 2044 Stulte
171 1979 354 2060 Aquinates3
387 1981 441 2044 sed
455 1988 553 2043 tamen
568 2000 598 2045 m
617 1982 665 2044 via
686 1980 867 2043 habitabant.
904 1979 984 2052 Ouid

48 2061 234 2146 Anagnini?
265 2064 328 2144 qui,
352 2083 441 2150 quum
461 2071 563 2128 essent
584 2065 676 2141 devii,
697 2063 929 2140 descenderunt,
951 2067 986 2125 ut

48 2147 152 2224 istum,
173 2153 321 2227 tamquam
344 2149 370 2210 si
394 2153 476 2211 esset
496 2149 614 2226 consul,
634 2149 834 2211 salutarentl.
877 2145 984 2208 lucre-

49 2229 147 2292 dibile
182 2230 281 2306 dictu,
311 2231 412 2306 †sed
436 2238 498 2294 tum
527 2233 644 2294 nimis²
673 2232 753 2294 inter
775 2247 882 2294 omnes
904 2246 984 2292 con-

49 2313 170 2389 stabat,
198 2314 349 2376 neminem
371 2329 440 2376 esse
461 2315 674 2392 resalutatum‚
702 2315 869 2396 praesertim
892 2329 984 2394 quum

49 2396 130 2459 duos
153 2414 257 2459 seeum
280 2397 459 2480 Anagninos
480 2397 622 2473 baberet,
651 2397 808 2460 Mustelam
831 2403 861 2458 ct
880 2396 982 2457 Laco-a

49 2497 132 2558 nem,
154 2497 281 2560 quorum
302 2481 377 2544 alter
399 2481 570 2564 gladiorum
592 2488 640 2543 est
655 2482 808 2563 princeps,
831 2479 981 2559 alterpo-

49 2565 198 2627 culorum.
247 2564 327 2638 Quid
358 2583 418 2648 ego
443 2564 510 2628 illas
534 2566 619 2627 istius
643 2565 740 2626 minas
765 2560 1044 2626 conmnalias-rm

50 2665 109 2728 que
134 2664 379 2726 commemorem,
403 2648 511 2729 quibus
534 2649 670 2710 invectus
694 2654 740 2710 cst
762 2647 795 2709 in
819 2646 982 2725 Sidicinos,

49 2730 174 2794 vexavit
194 2731 390 2807 Puteolanos,
420 2731 500 2812 quod
522 2729 555 2794 C.
580 2731 715 2795 Cassium
740 2737 772 2793 et
792 2729 901 2794 Brutos
922 2744 982 2810 pa-

50 2820 157 2878 tronos
179 2813 396 2896 adoptassent?
430 2814 540 2898 blagnc
563 2815 683 2898 quidem
707 2814 839 2892 iudicio,
870 2812 1004 2890 studio,-
1078 2834 1080 2838 ’

49 2896 273 2974 benevolentia,
304 2897 437 2974 caritate,
468 2915 529 2960 non
552 2906 586 2962 ut
606 2905 647 2977 tc,
671 2897 869 2975 ut.Basilum,
897 2896 927 2958 ui
950 2904 981 2960 et

51 2981 161 3059 armis,
194 2987 224 3042 et
252 2980 328 3043 alios
356 2983 450 3043 vestri
472 2982 606 3059 similes,
640 2999 717 3065 quos
741 2981 868 3044 clientes
889 2995 980 3052 nemo

50 3062 165 3132 babere
186 3065 278 3142 velit,
307 3081 369 3127 non
400 3064 490 3127 modo
518 3065 638 3129 illorum
668 3065 774 3127 cliens
797 3081 878 3126 esse.
926 3064 981 3126 lb-

50 3153 136 3212 terea
161 3147 230 3211 dum
256 3154 289 3210 tu
318 3148 412 3226 abes,
454 3149 506 3231 qui
528 3148 593 3212 dies
615 3149 668 3211 ille
696 3148 824 3232 college
846 3146 890 3210 tui
911 3145 980 3223 luit,

51 3249 141 3312 quum
172 3231 266 3308 illud,
297 3232 379 3312 quod
405 3239 437 3294 tu
466 3232 605 3296 venerari
630 3232 770 3310 solebas,
806 3231 925 3294 bustum
947 3231 979 3292 in

51 3313 117 3378 loro
149 3314 285 3378 evertit?
333 3315 399 3388 Oua
431 3333 466 3377 re
494 3316 548 3378 tibi
580 3315 731 3394 nuntiata,
763 3320 796 3378 ut
824 3313 981 3376 conmabat

51 3399 127 3461 inter
148 3415 222 3476 eos,
254 3397 306 3480 qui
326 3415 386 3460 una
410 3397 550 3478 luerunt,
584 3399 752 3462 concidisti.
800 3396 879 3470 Quid
903 3406 994 3458 eve-a‘

52 3483 128 3546 nerit
147 3487 268 3564 postea,
288 3483 404 3546 neseio.
445 3481 556 3546 blatum
574 3483 668 3546 credo
683 3481 823 3546 valuisse
834 3488 868 3545 ct
886 3497 979 3544 arma.

53 3607 282 3628 *-

87 3687 201 3756 ¹ersst,
219 3689 355 3743 consulem
376 3689 423 3744 sal.
484 3690 581 3743 ’Sine
607 3698 670 3743 ncta
692 3698 806 3762 cmrspt
856 3689 886 3746 F·
906 3687 979 3743 dictu

86 3768 141 3826 επις
169 3759 218 3816 sed
236 3775 296 3814 oum
313 3761 433 3826 vicinum
461 3761 528 3815 inter
544 3758 575 3827 (c
591 3770 653 3814 caat.
677 3759 749 3828 tat.)
840 3841 846 3844 Π
