2468 4318
255 241 292 292 78
603 235 840 296 onusto

212 407 298 481 used
326 408 440 496 bellum
467 409 633 476 Asiaticum
662 411 844 496 regiumque
865 410 1006 478 mittetur.
1054 411 1177 496 muru

258 496 370 579 putetis
389 496 540 565 civitatem
563 501 700 576 pacatum
721 496 837 573 luisse,
868 515 936 580 que
956 497 1097 579 locuples
1125 497 1178 560 sit?

259 597 387 663 coquom
405 597 475 642 esse
493 578 686 660 locupletem,
708 597 775 661 quoe
791 581 857 642 istis
871 586 978 661 pacato
995 597 1067 644 esse
1082 581 1180 646 videu-

260 663 334 728 tur?
374 661 436 727 Oro
467 663 630 741 maritimo,
665 663 814 740 Quirites,
849 663 903 726 Cn.
925 663 1105 745 Pompeium
1129 681 1182 726 nou

260 747 361 810 solum
381 752 507 828 propter
527 746 573 808 rei
597 747 736 810 militaris
756 746 897 829 gloriam,
919 747 975 810 sed
997 750 1092 810 etism
1115 763 1182 828 pro-

261 835 331 912 pter
360 830 451 894 enimi
481 830 694 892 continentium
724 831 894 911 requisivit.
940 830 1071 894 Videbat
1102 832 1183 906 enim,

260 912 427 995 pretores¹
448 913 626 994 locupletari
639 913 800 994 quotannis
811 914 941 996 pecunie
952 915 1090 996 publice,
1111 930 1184 995 pne-

262 1001 310 1058 ter
328 1013 454 1078 pouces,
475 1014 575 1078 neque
596 1014 654 1059 nos
676 996 838 1078 quidquam
863 998 945 1062 eliud
961 999 1088 1080 assequi
1111 996 1184 1059 clas·

263 1079 342 1142 sium
363 1080 503 1158 nomine,
526 1079 587 1143 nisi
607 1085 660 1158 ut,
686 1081 873 1144 detrimentis
896 1081 1104 1162 accipiendis,
1127 1097 1186 1142 mc-

263 1162 331 1226 iore
352 1160 432 1225 offici
453 1162 636 1245 turpitudine
666 1164 846 1227 videremur.
898 1163 985 1228 Nunc
1015 1184 1080 1246 qua
1105 1162 1186 1244 cupi-

262 1245 355 1331 ditate
375 1245 514 1309 bomines
536 1247 566 1310 in
589 1246 773 1327 provincius,
797 1248 906 1328 quibus
924 1249 1059 1326 iacturis,
1086 1247 1187 1330 quibus

187 1385 190 1394 .
263 1329 493 1393 condicionibus
515 1329 761 1411 proficiscuntur,
795 1332 937 1412 ignorant
966 1332 1114 1395 videlicet
1136 1328 1188 1404 isti,

265 1412 317 1494 qui
338 1412 375 1476 ud
392 1430 484 1476 rurum
501 1411 666 1478 deserendo
682 1415 783 1478 omnio
798 1415 894 1476 ossei
917 1433 979 1478 non
1002 1416 1186 1478 arbitrantur.

150 1503 152 1510 ’
218 1495 359 1571 ssQuusi
381 1514 456 1559 vero
479 1494 533 1558 Cn.
551 1496 726 1578 Pompeium
747 1514 809 1560 non
829 1515 921 1578 quum
938 1499 1002 1561 suis
1023 1498 1188 1570 virtutibus,

265 1587 328 1644 tum
363 1581 452 1646 etium
486 1580 593 1645 olienis
626 1581 709 1642 vitiis
746 1599 888 1664 magnum
922 1599 992 1644 esse
1026 1583 1186 1645 videamus.

262 1665 368 1740 Quare
389 1665 483 1728 nolito
505 1663 653 1741 dubitare,
676 1664 749 1744 quin
765 1663 836 1727 huic
857 1665 911 1729 uni
928 1666 1060 1729 credetis
1084 1663 1188 1736 omnic,

266 1749 319 1831 qui
341 1749 422 1812 inter
442 1754 485 1810 tot
509 1747 629 1810 cunnos³
659 1765 737 1812 unus
759 1749 897 1811 inventus
919 1749 973 1826 sit,
1005 1769 1098 1832 quem
1120 1743 1188 1810 socii

265 1833 299 1896 in
320 1832 413 1894 urbes
433 1848 505 1892 suas
521 1848 589 1892 curn
608 1831 746 1893 exercitu
767 1832 890 1894 venisse
904 1832 1065 1914 gnudecnt.
1110 1825 1189 1905 Quod

266 1915 294 1980 si
316 1913 541 1980 auctoritatibus
562 1911 640 1976 buno
660 1932 799 1990 causum,
829 1913 979 1994 Quirites,
1010 1916 1188 1980 confirmen-

266 1997 335 2062 dom
355 1997 484 2080 putatis,
517 2004 565 2060 est
585 1997 672 2058 vobis
696 2004 800 2061 suctor
822 1999 869 2060 vir
889 1998 1039 2064 bellorum
1063 1998 1187 2064 omniun

266 2083 524 2161 maximorumque
543 2098 644 2144 rerum
666 2081 877 2161 peritissimus,
900 2081 932 2146 P.
958 2082 1117 2163 Servilius,
1139 2097 1189 2142 cu-

267 2167 317 2230 ius
341 2171 430 2226 tante
454 2181 505 2226 res
529 2171 625 2246 geste
654 2170 735 2229 terro
763 2166 899 2246 morique
922 2168 1119 2242 exstiterunt,
1150 2167 1187 2232 ut

269 2267 362 2331 quum
384 2247 422 2308 de
439 2247 521 2312 bello
538 2247 723 2326 deliberetis,
745 2255 851 2312 auctor
866 2249 953 2312 vobis
969 2251 1095 2333 gravior
1108 2259 1189 2312 nemo

269 2349 341 2395 esse
365 2331 490 2408 debeot3
539 2331 776 2410 estodium,
817 2333 941 2396 summis
964 2335 1073 2398 vestris
1097 2334 1189 2396 bene-

269 2414 346 2479 ficiis
369 2416 567 2498 maximisque
590 2415 682 2478 rebus
713 2416 827 2498 gestis,
869 2434 987 2480 svunmo
1016 2419 1141 2500 ingenio
1164 2413 1189 2472 el

268 2499 430 2583 prudentio
449 2499 608 2582 preditus;
631 2507 677 2562 est
696 2499 749 2562 Gn.
768 2497 922 2578 Lentulus,
947 2502 979 2564 in
996 2519 1057 2584 quo
1080 2511 1188 2571 omnes,

268 2602 327 2732 pro
351 2584 542 2666 amplissimis
564 2584 674 2646 vestris
696 2582 883 2663 honoribus,
918 2603 1065 2648 summum
1089 2579 1187 2648 consi-

282 2668 361 2739 lum,
392 2687 537 2732 summam
557 2667 734 2750 gravitatem
758 2685 828 2730 esse
850 2669 1055 2749 cognovistis5
1094 2673 1140 2732 est
1158 2659 1187 2722 C·

271 2749 412 2831 Cassius,
446 2753 638 2834 integritate,
671 2751 799 2828 virtute,
837 2753 1006 2816 constantio
1037 2745 1186 2835 singulari.

270 2833 512 2911 (inurendum,
536 2835 709 2898 horumne⁴
732 2835 957 2898 auctoritatibus
979 2836 1101 2898 illorum
1122 2849 1187 2896 oro-

270 2918 365 2998 tioni,
400 2920 452 3000 qui
476 2919 672 2997 dissentiunt,
707 2918 896 3064 rbsgondere
917 2935 1010 3000 posse
1031 2919 1187 2982 videamur.

159 3005 210 3082 Ἃ
226 3033 262 3086 ⁶9
376 3003 449 3076 Que
471 3021 561 3084 quum
583 3004 625 3066 ite
646 3004 722 3078 sint,
779 3049 786 3064 .
809 3001 930 3079 Monili,
960 3004 1089 3084 primum
1108 3007 1186 3064 istum

271 3087 352 3151 ruam
382 3091 412 3148 ei
442 3086 540 3169 legem
572 3093 602 3148 et
628 3087 811 3150 voluntatem
842 3091 872 3146 et
898 3087 1076 3150 sententium
1106 3079 1187 3149 laudo

271 3169 595 3252 vehementissimeque
617 3169 800 3252 comprobo,
823 3167 932 3231 deinde
953 3175 982 3232 tc
1003 3169 1127 3248 hortor,
1151 3169 1186 3239 ot,

272 3261 396 3318 auctore
418 3254 531 3338 populo
553 3253 707 3332 Romano,
731 3269 853 3315 maneos
875 3253 907 3314 in
928 3254 1095 3331 sententio,
1119 3263 1188 3314 nevo

272 3340 448 3422 cuiusquam
478 3339 539 3401 vim
562 3340 729 3400 autminus
757 3337 964 3417 pertimesces.
1013 3337 1141 3400 Primum
1161 3332 1186 3394 in

272 3430 303 3486 te
327 3425 401 3488 sutis
424 3442 493 3487 esse
514 3422 605 3484 animi
635 3421 928 3503 perseveruntiaeque
947 3420 1105 3497 ¹urbitror3
1138 3417 1186 3480 de-

179 3561 184 3568 .
272 3508 362 3585 inde,
403 3527 494 3589 quum
524 3511 633 3568 tentoni
662 3503 879 3567 multitudinem
902 3521 969 3566 cum
993 3509 1075 3566 tanto
1099 3499 1187 3568 studio

275 3590 384 3656 adesse
399 3591 564 3669 videamus,
589 3594 727 3672 quantum
744 3606 823 3651 nurro
839 3588 947 3650 iterum
964 3588 995 3650 iu
1013 3587 1120 3678 eodem
1136 3586 1186 3648 bo-

313 3794 468 3864 ¹populum
487 3799 631 3852 Romanurn
651 3813 712 3850 non.
749 3794 811 3850 ¹1⁴3.
831 3822 866 3834 -
884 3813 944 3852 etse
962 3796 1058 3850 omnin.
1094 3792 1185 3846 ⁸12¹·-

312 3883 394 3918 unnos
412 3876 459 3918 tot.
512 3867 527 3898 ⁸
546 3869 610 3920 coni.
632 3867 676 3920 Or.
696 3883 808 3920 -num
826 3867 928 3920 borum.
963 3863 1057 3929 (Codri
1075 3873 1103 3918 ut
1122 3863 1156 3926 b.)
