2490 4316
297 221 399 306 ιη’
647 247 881 306 onusto

300 419 455 498 eoneed03
503 419 680 503 quibusdam
703 421 792 486 etiam
814 421 847 486 in
867 418 960 484 rebus
982 419 1124 482 conniveo
1131 437 1140 496 ;
1171 418 1193 480 ir

300 505 442 568 maximis
468 522 544 568 vero
564 504 676 585 rebus,
706 506 737 568 id
758 511 823 585 est,
844 503 984 588 legibus,
1004 511 1070 566 aeta
1092 501 1193 564 Caesaris

213 584 439 665 Suessam,
463 586 621 651 ferendum
643 605 705 652 uon
725 596 810 670 puto.
856 587 931 662 Quae
950 587 1002 650 lex
1021 587 1132 666 melior,
1148 584 1193 646 uti·

300 673 371 750 lior,
391 670 502 752 optima
523 671 612 732 etiam
634 688 669 733 re
690 672 812 755 publica
833 672 944 752 sepius
967 671 1107 754 flagitata,
1128 684 1194 749 quau
1229 737 1230 742 ἵ

299 773 341 820 ne
360 753 511 834 pretorie
530 755 695 836 provineiae
719 755 787 837 plus
811 773 900 836 quam
923 772 1033 826 annum
1054 769 1126 816 neve
1145 749 1195 832 plus

300 855 390 919 quam
413 836 566 900 biennium
590 839 768 902 consulares
791 837 1033 901 obtinerentur?¹
1068 835 1127 898 llae
1143 835 1195 912 lege
1229 863 1230 918 p

299 919 434 998 sublata,
476 921 656 984 videnturne
692 921 780 984 vobis
815 920 945 984 Cesaris
978 926 1046 983 aeta
1081 914 1194 982 servarit
1229 925 1230 946 t

300 1002 404 1077 Quid?
439 1003 530 1086 lege,
552 1011 618 1084 que
640 1005 829 1086 promulgata
850 1010 897 1067 est
918 1003 957 1066 de
977 1004 1067 1067 tertia
1089 999 1196 1074 decuria,

298 1102 401 1148 norme
435 1103 540 1151 omnes
569 1086 733 1150 iudiciariae
765 1087 852 1170 leges
888 1086 1016 1150 Caesaris
1048 1085 1196 1162 dissolmn-
1229 1117 1230 1164 ,

298 1168 374 1232 tur?
421 1169 458 1232 Et
490 1187 545 1232 vos
575 1177 642 1232 aeta
677 1169 806 1234 Cesaris
833 1169 1014 1248 defenditis,
1057 1164 1107 1250 qui
1131 1167 1196 1247 leget
1229 1169 1230 1240 l

292 1252 367 1320 ¹ttius
389 1252 548 1316 evertitis?
593 1252 659 1315 Nisi
679 1252 777 1333 sorte,
810 1255 837 1317 si
865 1253 937 1335 quid
957 1254 1109 1316 memorie
1127 1264 1197 1312 eamn

298 1335 413 1406 rettulit
444 1337 477 1399 in
512 1335 665 1414 libellum,
706 1336 739 1399 id
770 1336 975 1400 numerabitur
1007 1337 1040 1399 in
1077 1335 1143 1398 netis
1169 1334 1195 1403 et

300 1418 435 1500 quamvis
463 1419 598 1501 iniquum
630 1426 660 1481 et
689 1420 792 1484 inutile
822 1421 881 1497 sit,
914 1419 1106 1494 defendetur,
1137 1409 1197 1497 qnod
1229 1423 1230 1426 ’

15 1559 16 1574 ,
299 1502 338 1564 ad
368 1502 513 1583 populum
541 1504 714 1568 centuriatis
747 1503 878 1566 comitiis
903 1503 986 1579 tulit,
1025 1501 1060 1564 id
1088 1501 1118 1562 in
1143 1495 1197 1560 actis

15 1601 16 1610 ¹
140 1623 144 1638 .
253 1583 430 1652 aoCaesaris
453 1603 515 1648 non
536 1585 703 1676 habebitur.
749 1586 792 1648 At
814 1603 881 1668 que
902 1591 947 1648 est
971 1587 1029 1649 ista
1055 1584 1138 1648 tertia
1156 1581 1197 1642 de

299 1667 407 1732 euna?
450 1667 674 1748 centurionum,
694 1669 799 1751 inquit.
842 1669 945 1742 Quid?
978 1668 1029 1732 isti
1052 1666 1144 1732 ordini
1161 1665 1197 1724 iu-

233 1797 237 1806 ·
299 1753 414 1824 dinatus
442 1752 512 1834 lege
542 1751 634 1829 lulla,
676 1753 766 1816 etiarn
796 1757 865 1814 ante
896 1747 1057 1834 Pompeia,
1097 1745 1197 1812 Aurelia
1229 1779 1230 1784 κ

298 1852 361 1898 nen
390 1834 535 1916 patebat?
580 1833 697 1899 Census
727 1833 965 1918 preliniebatur,
1002 1835 1107 1918 inquit.
1146 1829 1197 1894 Nor
1229 1829 1230 1840 ’

299 1918 470 1982 nenbrrioni
491 1917 611 1998 quidem
635 1919 750 1996 solum,
774 1918 830 1981 sed
852 1919 948 1999 equiti
965 1919 1055 1981 etiam
1078 1918 1197 1980 Romano.

232 2019 237 2028 ’
298 2000 401 2082 ltaque
415 2001 478 2064 viri
498 1999 654 2064 fonbsimi
679 2007 769 2083 atque
788 2001 1003 2080 honestissimi,
1026 2002 1079 2084 qui
1099 1999 1197 2064 ordines

298 2085 466 2161 duxerunt,
512 2101 563 2147 res
594 2092 625 2147 et
652 2085 786 2150 iudicant
816 2092 848 2147 et
880 2085 1096 2150 iudicaverunt.
1148 2078 1198 2142 Non

298 2184 413 2248 quero,
440 2166 545 2248 inquit,
568 2167 661 2244 istos;
702 2169 873 2250 quicunque
895 2169 1032 2232 ordinem
1045 2165 1143 2242 duxit
1161 2163 1197 2223 it·

298 2250 388 2313 dicet.
441 2251 482 2312 At
509 2252 536 2312 si
565 2249 705 2330 ferretis,
743 2253 915 2333 quicunque
942 2269 1021 2332 equo
1051 2247 1197 2316 meruisset,

298 2331 381 2417 quod
401 2340 448 2398 est
469 2333 588 2413 laudus,
612 2333 725 2397 nemini
745 2334 925 2415 probaretis.
964 2333 998 2397 ln
1019 2334 1118 2397 iudice
1137 2327 1197 2392 enim

297 2418 430 2500 speclari
459 2423 489 2479 et
519 2417 639 2480 fortuna
667 2415 757 2480 debet
781 2423 812 2478 et
834 2417 972 2500 dignitas.
1015 2417 1086 2480 Non
1107 2425 1198 2498 quero,
1229 2443 1230 2484 ,

214 2513 223 2518 '
296 2501 411 2582 inquil,
443 2500 499 2575 ista
506 2520 516 2576 ;
563 2501 642 2563 addo
677 2501 766 2563 etiam
799 2500 915 2564 iudices
946 2501 1145 2582 manipulares
1170 2508 1198 2553 tt

297 2585 422 2667 legione
442 2582 643 2659 Alaudarum3
666 2584 752 2646 aliter
774 2584 854 2646 enim
875 2583 972 2648 nostri
994 2590 1107 2666 negant
1127 2590 1197 2662 posse
1229 2591 1230 2600 ¹

244 2701 247 2712 ·
297 2684 333 2732 se
354 2666 456 2740 salvos
475 2685 554 2730 esse.
597 2665 622 2729 0
638 2667 886 2732 contumeliosum
908 2666 1054 2729 honorem
1073 2668 1120 2744 iis,
1139 2673 1197 2745 quot

296 2749 560 2814 adiudicandum
591 2768 650 2812 nen
680 2750 840 2830 opinantes
871 2749 1003 2812 voeatis!
1048 2749 1106 2813 llie
1136 2744 1196 2807 erbo

299 2839 348 2898 est
364 2833 443 2914 legis
467 2833 568 2911 index,
597 2841 631 2896 ut
652 2833 675 2896 ii
697 2851 748 2896 res
772 2833 805 2896 in
824 2835 913 2896 tertia
934 2833 1056 2896 decuria
1078 2829 1197 2898 iudicent,

295 2917 347 2998 qui
375 2917 472 2984 libere
497 2917 631 2979 iudicare
658 2934 721 2980 non
752 2917 887 2980 audeant.
940 2915 975 2984 lu
1005 2934 1066 2997 quo
1092 2916 1196 2998 quantus
1229 2949 1230 2992 3

295 3017 383 3062 error
405 3006 460 3078 est,
492 2999 534 3062 dii
555 2998 754 3063 immortales!
795 3017 911 3078 eorum,
939 3000 993 3081 qui
1014 3001 1100 3063 istam
1117 2999 1196 3077 legen
1229 2999 1230 3068 ζ

294 3081 562 3163 excogitaverunt!
605 3083 642 3144 Ut
669 3085 749 3146 enim
772 3085 899 3164 quisque
920 3083 1142 3146 sordidissimus
1160 3074 1196 3136 vi·

295 3165 430 3242 debitur,
462 3165 503 3227 ita
532 3165 729 3230 libentissime
754 3168 915 3230 severitate
936 3165 1087 3230 iudicandi
1109 3159 1195 3227 sordes
1229 3201 1230 3220 r

226 3309 230 3318 ,
267 3319 270 3326 ,
294 3265 365 3328 suas
388 3248 469 3312 eluet
490 3247 714 3332 laborabitque,
749 3255 780 3314 ut
807 3250 942 3314 honestis
965 3248 1095 3312 decuriis
1115 3243 1195 3326 potius

292 3330 409 3413 dignus,¹
435 3331 573 3395 videatur
611 3350 699 3414 quam
726 3331 759 3396 in
788 3339 905 3414 turpem
944 3333 1011 3394 iure
1051 3331 1193 3398 coniectus.

207 3395 281 3484 921
292 3414 396 3478 Altera
411 3414 606 3498 promulgata
631 3415 682 3476 lex
705 3421 768 3493 est,
803 3415 920 3479 ut·de¹
952 3416 982 3478 vi
1006 3415 1095 3478 etde
1115 3410 1193 3475 maie·
1229 3375 1230 3466 l

293 3503 370 3562 stato
392 3497 521 3561 damnati
539 3497 583 3580 ⁴ad
603 3497 747 3580 populum
766 3503 942 3580 provocent,
964 3498 991 3562 si
1012 3498 1112 3561 velint.
1140 3491 1194 3554 llat

290 3587 391 3644 utrum
414 3579 533 3644 taudem
554 3580 606 3644 lex
627 3587 674 3644 est
696 3599 734 3645 an
755 3581 857 3665 legum
876 3583 1007 3646 omnium
1023 3569 1193 3644 dissolutio?
1229 3593 1230 3652 q

226 3707 230 3718 .
291 3660 368 3735 Quis.
393 3669 439 3726 est
471 3663 551 3728 enim
583 3663 693 3745 bodie,
730 3664 817 3732 ouius
846 3665 967 3732 intersit
997 3665 1094 3736 istam'
1111 3662 1192 3742 legen

249 3873 255 3884 .
328 3810 337 3866 l
358 3845 385 3888 ut
407 3847 433 3890 et
454 3841 495 3891 de.
