2490 4316
149 227 150 230 ‘
228 254 772 331 uurcrorrcnsueuxos.
920 263 972 336 an

50 435 121 494 osset
143 427 196 493 ille
218 428 436 508 Alexandrea,
457 428 605 496 beneficio
627 430 791 494 amicorum
813 429 880 494 elus
902 447 971 496 trraq

48 517 136 596 glster
155 514 294 596 equitum
316 515 557 577 constitueretur.
605 515 680 578 Tum
704 515 901 592 existimavit,
933 534 970 578 se

48 615 98 660 suo
113 600 179 660 iure
195 615 266 659 cum
283 597 392 679 Hippia
414 599 517 660 vivere
540 602 570 660 et
592 615 689 679 equos
710 597 876 680 uectigales
893 597 969 663 Ser„

48 682 94 761 gio
115 683 204 742 miano
229 679 359 742 tradere.
407 679 482 744 Tum
505 680 565 744 sibi
585 697 646 742 non
670 681 757 758 hanc,
780 699 869 762 quam
887 699 969 744 nuno

48 765 118 826 male
139 771 259 840 tuetur,
288 764 342 826 sed
364 761 403 826 ll.
428 763 546 827 Pisonis
570 764 710 836 domum,
739 765 791 827 ubi
811 763 968 841 babitaret,

50 846 164 927 legerat.
204 845 287 920 Quid
309 864 368 930 ego
391 849 477 911 istius
498 847 630 924 decreta,
653 847 724 929 quid
738 848 872 929 rapinas,
895 847 968 935 quid

47 928 236 992 hereditatum
261 931 477 1010 possessiones
499 929 598 1007 datas,
622 929 693 1012 quid
715 929 834 1012 ereptas
855 930 968 1013 proie-

47 1015 125 1074 ram?
151 1012 292 1096 Cogebat
312 1019 452 1096 egestam
477 1030 538 1095 quo
560 1021 758 1091 serenaret,
780 1031 841 1078 non
867 1014 966 1078 babe—
1064 1059 1065 1071 η

47 1094 98 1158 bat
137 1095 279 1160 Nondum
301 1097 330 1158 ei
356 1102 436 1159 tanta
458 1115 475 1159 a
494 1095 527 1158 L.
552 1095 682 1177 Rubrio,
706 1115 768 1160 non
790 1116 807 1160 a
830 1097 863 1160 L.
885 1098 967 1162 Tur·
1080 1145 1082 1158 .

34 1178 115 1240 'selio
145 1179 301 1242 hereditas
330 1186 455 1242 venerat
463 1200 472 1255 ;
514 1181 647 1244 noudum
680 1181 712 1244 in
746 1175 800 1244 Cn.
829 1179 968 1264 Pompeii

47 1259 137 1324 locum
157 1264 381 1344 multorumque
405 1264 550 1342 allorum,
581 1265 633 1346 qui
655 1263 796 1342 aberant,
826 1264 966 1345 repenti-

46 1361 96 1406 nus
117 1345 207 1408 heres
233 1353 434 1408 successerat.
480 1345 552 1410 Erat
577 1348 606 1409 ei
635 1347 794 1410 vivendum
815 1347 966 1412 latronum

47 1427 107 1506 ritu,
126 1435 157 1490 ut
182 1435 297 1492 tantum
318 1428 454 1507 haberet,
475 1434 616 1510 quantum
638 1443 747 1512 rapere
770 1431 928 1528 potuisset.
1010 1491 1014 1503 ,
1042 1510 1048 1518 Ι
1072 1511 1076 1518 .

126 1512 186 1576 Sed
219 1513 304 1590 baec,
350 1531 417 1595 quae
446 1513 628 1575 robustioris
658 1511 856 1594 improbitatis
883 1519 1010 1594 santos

48 1593 224 1672 omittamus3
270 1596 430 1677 loquamur
457 1596 559 1677 potius
580 1595 619 1657 de
640 1594 825 1676 nequissimo
848 1615 965 1679 genere
1122 1661 1125 1669 Δ

48 1671 175 1742 levitatis.
220 1679 266 1741 Tu
289 1679 354 1742 istis
367 1677 533 1758 ‚faucibus,.
552 1678 616 1740 istis
638 1677 793 1756 lateribus,
813 1679 870 1741 ista
892 1679 964 1762 gla-
1013 1698 1014 1703 ¹

48 1755 166 1824 diatorla
189 1765 282 1826 totius
304 1763 443 1844 corporis
462 1762 610 1837 firmitate,
635 1767 747 1824 tantum
764 1762 826 1825 vini
840 1761 871 1824 in
884 1763 962 1844 Hip-

47 1841 98 1918 piae
119 1848 231 1926 nuptiis
261 1846 462 1924 exhauseras,
504 1851 538 1908 ut
568 1845 622 1910 tibi
648 1844 777 1908 necesse
812 1852 896 1909 esset
930 1848 963 1910 in
1065 1857 1067 1864 ’

46 1927 139 2006 populi
159 1929 289 1992 Romani
310 1935 475 2012 conspectu
496 1946 622 1992 vomere
645 1928 801 2011 postridie.
850 1928 964 1992 Orem
1046 2003 1048 2015 Ι

46 2021 99 2068 uon
121 2013 210 2076 modo
234 2013 303 2077 visu
325 2012 466 2088 foedam,
487 2006 651 2078 sed'etiam
673 2011 793 2079 auditul
829 2010 861 2076 Si
884 2012 963 2076 inter

47 2104 160 2182 coenam
189 2097 220 2158 in
253 2097 328 2176 ipsis
360 2097 419 2160 tuis
450 2097 629 2160 immunibus
659 2095 720 2166 illis
751 2095 871 2240 goculis
901 2095 963 2163 hoo

46 2171 93 2234 tubi
114 2179 292 2254 accidisset,
325 2181 392 2262 quis
423 2197 484 2243 non
507 2186 595 2261 turpe
623 2180 748 2243 duceret
814 2179 848 2248 lu
872 2185 963 2244 coetu

46 2272 110 2350 vero
128 2262 231 2344 populi
252 2262 390 2340 Romani,
411 2263 566 2344 negotium
579 2263 732 2345 publicum
749 2280 871 2348 gerens,
893 2282 966 2328 ma-,
1072 2341 1075 2354 Ι

47 2347 130 2416 gustet
149 2348 303 2427 equitum,
332 2347 383 2408 cui
403 2351 523 2408 ructare
544 2352 632 2428 turpe
655 2352 754 2423 esset,
784 2347 812 2409 is
835 2363 989 2410 vomens-

47 2419 139 2488 l‘rustis
157 2430 334 2505 esculentis,
356 2429 457 2492 vinum
474 2429 691 2507 redolentibus,
709 2429 857 2511 grunnium
874 2447 962 2492 suum

48 2509 72 2564 ot
95 2513 182 2574 totum
212 2513 343 2575 tribunal
372 2512 514 2594 implevit.
570 2510 630 2576 Sed
659 2512 719 2575 boc
752 2513 819 2592 ipse
851 2509 962 2575 fatetur

48 2594 158 2656 essem
179 2597 245 2660 suis
267 2595 425 2672 sordibus3
457 2595 613 2659 veniamus
637 2593 673 2660 ad
698 2593 940 2676 splendidiora1.

127 2675 226 2742 Cacsar
239 2677 432 2743 Alexandrea
453 2697 489 2742 se
506 2679 633 2758 recepit,
656 2678 742 2756 lelix,
763 2684 796 2740 ut
813 2679 872 2742 sibi
889 2678 961 2760 qui·
973 2695 1009 2748 ⁶4
1025 2673 1075 2746 26

49 2747 106 2846 dem
120 2761 293 2838 videbatur3
317 2781 385 2825 mea
402 2767 500 2824 autem
514 2763 673 2837 sententia,
699 2763 750 2844 qui
764 2762 810 2826 rei
832 2762 962 2844 publioae

48 2841 81 2895 sit
106 2839 228 2925 infelix,
265 2846 340 2909 felix
367 2864 439 2908 esse
465 2863 555 2907 nemo
584 2852 694 2930 potest.
743 2845 833 2910 Hasta
862 2846 963 2926 posita

48 2932 96 2994 bro
115 2925 178 2988 ade
199 2929 279 2991 louis
301 2927 428 2992 Statoris
447 2929 527 2991 bona
551 2927 606 2991 Cn.
626 2929 781 3010 Pompeii²
807 2928 963 3008 (miserum

48 3003 105 3092 mul
135 3014 321 3094 consumptis
344 3013 423 3076 enim
445 3011 595 3089 lacrimis,
619 3018 720 3074 tamen
739 3009 847 3073 infixus
869 3011 963 3084 haeret

49 3093 159 3152 on1mo³
185 3095 304 3176 dolor),
332 3097 432 3172 bona,
461 3096 599 3176 inquam,
630 3093 684 3156 Cn.
702 3094 838 3176 Pompeii
860 3093 963 3179 lllagni

51 3171 115 3232 voci·
129 3177 332 3243 acerbissimae
355 3177 490 3242 subiecta
514 3177 673 3259 praeconis.
719 3175 784 3240 Una
805 3179 836 3240 in
857 3178 908 3241 illa
927 3197 963 3242 ro

48 3256 186 3322 servitutis
205 3262 297 3326 oblita
315 3263 419 3326 civitas
435 3261 590 3344 ingemuit,
611 3261 873 3342 servientibusque
893 3261 963 3323 ani-

50 3333 117 3413 mis,
145 3362 234 3424 quum
264 3347 363 3410 omnia
384 3352 464 3408 metu
488 3349 680 3421 tenerentur,
708 3345 836 3426 gemitus
862 3349 962 3408 tamon

49 3422 142 3496 ll⁰buli
163 3425 287 3492 Romani
316 3430 395 3500 liber
422 3430 486 3494 luit.
536 3427 788 3509 Exspectantibus
811 3427 963 3504 omnibus,
1085 3438 1087 3449 “

50 3499 174 3576 quisnam
197 3519 278 3576 esset
298 3519 356 3575 tam
386 3514 514 3596 impius,
548 3517 607 3573 tam
635 3511 777 3587 demens,
809 3513 868 3572 tam
902 3510 962 3575 diis
1056 3569 1059 3581 s

49 3576 267 3678 luminibusque
295 3596 410 3676 bostis,
442 3595 493 3680 qui
525 3593 562 3660 ad
587 3594 661 3662 illud
688 3594 789 3660 scelus
817 3593 966 3662 sectionis,

49 3705 268 3740 Νη...

82 3776 90 3806 1
110 3784 251 3870 {Plffl‘lldt-
288 3791 303 3824 ¹
328 3789 394 3854 Vct,
408 3793 494 3862 vestio.
507 3793 617 3849 oliorum
628 3792 701 3848 codd.
716 3817 748 3829 ·-
763 3808 809 3846 orn.
824 3789 871 3846 Cn.
882 3790 963 3845 Pom-

80 3862 137 3912 pen.
175 3859 293 3916 ’animo
312 3861 403 3918 beret.
876 3872 880 3881 -

74 3979 120 4028 cst·
136 3990 200 4043 θνα.
217 3997 266 4044 Sel.
735 4004 768 4054 16
