2490 4316
596 220 853 324 'enarro

271 443 303 506 in
329 438 435 505 Cilicia
457 437 562 520 miles,
585 439 618 504 in
640 437 756 503 Graecia
774 438 939 502 commilito
960 437 1036 518 luit,
1057 457 1142 522 quum
1160 442 1184 502 in

271 526 326 589 illo
347 531 451 590 nostm
474 525 610 589 exercitu
631 525 780 606 equitaret
801 541 868 586 cum
887 523 951 586 suis
967 524 1093 586 delectis
1109 527 1185 604 equ-
1229 533 1230 594 ἢ

273 609 362 689 tibus,
385 624 461 690 quos
482 627 542 684 uua
561 625 629 672 cum
642 623 691 670 eo
714 607 752 669 ad
772 607 948 688 Pompeium
965 613 1052 689 pater
1071 608 1185 682 miserat,

273 709 351 776 quos
372 708 539 755 concursus
561 690 665 755 lacere
693 689 835 754 solebat?
879 709 969 772 quam
997 709 1039 756 se
1063 689 1185 753 iactaret
1229 727 1230 732 κ

275 793 365 858 quam
394 774 570 837 ostentare?
613 793 701 856 quam
722 774 835 836 nemini
857 774 888 836 in
909 774 962 836 illa
988 792 1081 836 causa
1099 772 1186 848 ,studio

229 869 265 919 re
276 863 306 921 et
323 856 485 940 cupiditate
499 856 694 920 concedere?
715 856 812 929 Quum
826 873 912 935 uero,
932 858 1068 920 exercitu
1083 858 1187 930 amisso,
1229 881 1230 912 1

276 957 357 1024 ego,
394 943 445 1022 qui
467 941 551 1023 pacis
573 957 694 1022 semper
714 940 869 1018 auctor¹,
906 947 977 1021 post
997 940 1187 1004 Pharsalicum
1229 1003 1230 1048 ,

276 1024 426 1108 proelium
455 1041 564 1087 suasor
594 1011 640 1086 lui
670 1041 822 1086 armorum
850 1040 912 1086 non
945 1023 1187 1105 deponendorum,

275 1106 332 1171 sed
357 1107 610 1185 abdcieudouum,
633 1106 713 1169 hunc
735 1105 773 1168 ad
795 1125 892 1169 meam
916 1109 1121 1188 auctoritatem
1140 1123 1188 1166 nou

275 1191 361 1338 potui
385 1191 551 1268 adducere,
582 1189 663 1271 quod
689 1191 807 1272 etipse
828 1188 954 1253 ardebat
974 1190 1075 1253 studio
1096 1187 1186 1252 illiusl

298 1273 350 1337 elli
372 1282 405 1337 et
420 1274 498 1355 putri
519 1272 764 1336 satisfaciendum
787 1291 857 1335 esse
877 1273 1087 1336 arbitrabatur.
1120 1271 1188 1334 Felix

275 1357 334 1420 ista
353 1356 477 1433 domus,
502 1355 576 1438 'quae
596 1373 658 1419 non
679 1357 883 1438 impunitatem
907 1358 1005 1419 solum
1027 1357 1132 1438 adeptu
1150 1354 1187 1429 sit,

274 1438 332 1503 sed
356 1438 518 1502 accusandi
539 1439 653 1502 etiam³
685 1439 851 1516 licentiam3
888 1439 1084 1502 calamitosus
1107 1439 1187 1500 Deio-

275 1527 375 1602 tarus,
406 1522 457 1604 qui
479 1523 518 1584 ub
537 1540 596 1602 eo,
622 1523 674 1604 qui
697 1524 729 1585 in
751 1523 858 1586 iisdem
880 1524 987 1586 castris
1010 1521 1121 1602 fuerit,
1140 1537 1189 1582 nou
1229 1597 1230 1600 Ἴ

275 1605 366 1669 modo
388 1605 467 1688 apud
488 1613 539 1683 te,
573 1605 627 1668 sed
651 1606 779 1668 etiamn
807 1606 1100 1670 suisaccusetur1⁴
1140 1603 1189 1664 Vm

228 1694 229 1702 ’
276 1695 376 1753 vestra
405 1688 537 1752 secunda
558 1687 697 1766 fortuna,
731 1687 860 1766 Castor,
892 1707 954 1752 nun
983 1690 1111 1772 potestis
1136 1687 1190 1751 siue
1229 1683 1230 1692 ’

276 1772 515 1856 propinquorum
535 1771 704 1834 calamitate
727 1789 797 1835 esse
821 1773 975 1835 contenti?
1229 1785 1230 1846 ζ

164 1855 211 1928 ll
230 1875 266 1926 so
367 1851 434 1920 Sint
455 1873 529 1918 sane
551 1854 733 1931 iuimicitie3
773 1873 840 1938 quae
864 1873 933 1918 esse
953 1873 1016 1918 nou
1039 1855 1188 1922 debebant3
1229 1867 1230 1920 1

275 1938 439 2003 rexerim
468 1937 629 2002 Deiotarus
659 1945 789 2000 uestram
819 1939 962 2001 familiam
993 1939 1136 2004 abiectam
1163 1939 1189 1995 'et
1229 1993 1230 2010 ,

275 2021 436 2086 obscuram
457 2039 476 2083 e
496 2022 629 2085 tenebris
650 2021 682 2084 in
703 2022 801 2084 lucem
821 2024 967 2086 evocavit.
993 2097 996 2102 ‚
1021 2023 1097 2096 Quis
1123 2028 1188 2084 tuuu

275 2111 391 2188 putrem
416 2110 530 2183 antea)
553 2108 606 2187 qui
634 2111 732 2183 esset,
766 2123 856 2188 quam
887 2107 972 2169 cuius
995 2107 1189 2189 generasset,

276 2187 418 2251 audivit?
451 2187 511 2252 Sed
534 2188 669 2271 quamvis
691 2189 810 2272 ingrate
834 2195 866 2251 et
886 2190 979 2270 impie
1002 2186 1188 2252 necessitudi-

223 2305 226 2313 ,
276 2270 325 2334 uis
347 2287 458 2334 nomeu
478 2271 719 2354 repudiaretis⁶,
741 2279 842 2335 tamon
862 2273 1032 2335 inimicitias
1053 2273 1189 2335 bominum

277 2363 364 2416 more
386 2371 497 2437 gerere
518 2355 679 2437 poteratis,
712 2374 774 2419 non
802 2356 871 2418 ficto
901 2357 1028 2418 crimine
1053 2351 1188 2424 insectari,

229 2487 231 2495 .
277 2453 340 2501 uon
364 2444 508 2520 expetere
532 2439 639 2517 vitam,
676 2457 738 2502 non
767 2440 882 2522 capitis
904 2457 1072 2503 arcessere.
1116 2437 1189 2504 usur

277 2522 461 2585 concedatur
481 2522 545 2586 baec
576 2539 697 2605 quoque
725 2524 897 2586 acerbitas⁶
935 2528 965 2584 et
992 2522 1056 2585 odii
1085 2518 1189 2602 magui·
1229 2591 1230 2594 Ἴ

277 2603 369 2680 tudo;
415 2606 552 2683 adeone,
586 2613 618 2669 ut
640 2606 739 2668 omnia
760 2607 828 2668 vitae
849 2607 1015 2687 salutisque
1041 2601 1189 2668 communis

279 2692 370 2768 atque
406 2689 494 2752 eiiam
530 2688 718 2751 humanitatis
754 2689 820 2752 iura
856 2689 1030 2752 violentur?
1082 2689 1189 2754 Servon

277 2769 442 2834 sollicitare
463 2771 575 2849 verbis,
601 2789 658 2853 spe
677 2773 896 2854 promissisque
917 2790 1122 2854 eorrumpere,
1144 2769 1188 2830 ab·

276 2851 391 2918 ducere
412 2853 551 2933 domum,
585 2860 690 2918 contra
720 2855 871 2918 domiuum
900 2873 1035 2934 armare,
1071 2857 1127 2918 hoc
1154 2855 1189 2912 est
1229 2873 1230 2880 ¹

275 2952 340 2998 non
361 2938 414 3000 uni
435 2939 624 3020 propinquo,
657 2937 711 3002 sed
745 2940 882 3002 omnibus
912 2939 1034 3001 familiis
1058 2937 1187 3002 nefarium

279 3017 391 3082 bellum
419 3022 563 3087 indicere.
613 3021 689 3084 Nam
710 3021 766 3084 ista
789 3023 959 3105 corruptela
980 3025 1063 3086 servi
1096 3023 1120 3085 si
1140 3034 1187 3080 non
1229 3031 1230 3114 p

279 3099 370 3164 modo
393 3103 536 3186 impunita
557 3104 667 3181 fuerit,
700 3106 755 3168 sed
776 3107 864 3168 etiam
888 3127 906 3170 a
928 3109 1011 3168 trinta
1029 3105 1188 3170 anctoritate

280 3183 460 3267 approbata,
503 3189 577 3251 nulli
607 3189 739 3270 parietes
767 3196 901 3252 nostram
935 3190 1079 3267 salutem,
1114 3185 1188 3250 nulla

280 3268 386 3351 leges,
421 3271 502 3334 nulla
533 3273 599 3335 iura
630 3271 807 3335 custodient.
854 3273 1011 3334 Ubienim
1040 3274 1089 3348 id,
1122 3263 1187 3351 quod

280 3353 359 3417 intus
382 3362 429 3417 est
448 3361 537 3438 utque
555 3361 701 3436 nostrum,
722 3358 844 3440 impune
865 3356 988 3421 evolare
1009 3362 1108 3440 potest
1124 3368 1185 3416 oon-

281 3499 510 3517 Μ

316 3591 326 3624 ¹
348 3594 414 3646 coni.
429 3612 443 3643 e
457 3593 528 3646 codd.
542 3597 630 3664 vestip.
646 3619 683 3636 υ-
698 3598 783 3662 Quium
798 3613 872 3662 vero,
892 3615 914 3649 c.
931 3589 964 3661 a„
983 3613 1016 3662 e,
1035 3613 1060 3664 q.
1074 3613 1098 3664 p.
1110 3599 1183 3645 auctor

314 3675 421 3730 semper
436 3662 523 3725 (codd.
537 3683 557 3718 s.
575 3666 621 3730 a),
641 3678 700 3735 post
715 3667 889 3721 Pharsalicum
906 3678 992 3720 autam
1009 3665 1184 3736 proelsuamt·

312 3729 422 3784 luissent
440 3742 488 3786 etc.
543 3735 673 3800 ²chn.,
699 3739 743 3798 all.
761 3763 797 3777 -··
815 3739 906 3804 ipsius.
961 3738 1065 3789 ’effi
1084 3729 1139 3800 (E)
1156 3751 1182 3804 '.

312 3803 388 3852 etiarn
408 3819 462 3868 aee.
518 3804 540 3866 ⁴,
553 3806 579 3856 F.
598 3803 678 3868 (omri.
700 3807 777 3874 Or.):
803 3811 847 3874 qui
867 3825 920 3860 non
944 3811 1024 3862 modo
1043 3807 1074 3859 ab
1093 3819 1131 3865 ott,
1149 3811 1182 3877 (13¹¹

311 3891 345 3904 ··-
362 3871 450 3938 luerit,
469 3869 540 3940 apud
560 3883 595 3940 te,
612 3879 727 3938 nederc.
766 3879 973 3946 ‘repudiaritim
1013 3878 1025 3910 ⁶
1045 3875 1182 3930 acerbitato·

1229 3947 1230 3972 l
