2490 4316
283 207 337 263 me
628 205 860 290 onnrro

283 379 350 458 ipsc
371 337 560 460 Philippices
580 379 716 458 coempto
735 397 858 451 eornm,
892 393 973 460 qnos
993 379 1201 442 umanum

115 545 117 550 Α
266 461 506 608 iputssbilippm
529 459 874 566 Macedonemlobns't,
908 465 1106 546 inscripsisse
1137 470 1201 524 tro-

642 715 869 732 nanu—.-

155 889 157 896 ’
215 872 235 942 l
257 834 472 963 1Amequam
495 879 533 943 de
553 899 588 944 re
608 879 746 964 publica,
776 885 877 962 patres
895 876 1081 959 conscripti,
1112 877 1201 940 dicam

284 993 340 1050 ee,
374 988 441 1053 quae
471 970 597 1034 dicenda
618 970 684 1048 ‚hoc
716 977 851 1054 tempore
875 969 1021 1044 arbitror,
1056 985 1201 1048 exponam

283 1057 370 1120 vobis
391 1053 525 1118 breviter
546 1054 703 1116 consilium
728 1060 758 1115 et
778 1052 979 1135 profectionis¹
1001 1057 1032 1112 et
1050 1052 1201 1112 reversio-

282 1141 330 1202 nis
349 1153 432 1200 meae.
466 1135 532 1220 Ego
551 1149 641 1218 quum
655 1153 819 1217 sperarem,
841 1134 1001 1216 aliquando
1020 1133 1058 1196 ad
1074 1139 1201 1195 vestrum

283 1223 442 1286 consilium
471 1221 734 1300 auctoritatemque
763 1238 827 1284 rem
851 1219 1001 1301 publicam
1022 1235 1090 1278 esse
1113 1233 1202 1278 revo-

142 1363 146 1370 .
190 1357 192 1360 .
283 1312 394 1382 catam,
429 1304 607 1365 manendum
634 1303 707 1365 mihi
733 1303 897 1366 statuebam
926 1301 1016 1382 quasi·
1039 1302 1072 1362 in
1102 1300 1203 1382 vigilia

284 1388 411 1470 quadam
440 1387 591 1450 consulari
622 1405 658 1448 ac
688 1388 848 1461 senatoria.
893 1383 956 1446 Neo
972 1401 1057 1468 vvero
1079 1401 1202 1464 usquam

283 1471 475 1538 discedebam
506 1487 563 1532 nec
593 1489 610 1532 a
639 1464 814 1550 republica
837 1468 1013 1530 deiiciebam
1038 1466 1147 1542 oculos
1168 1484 1202 1526 ex

283 1573 322 1619 eo
344 1555 412 1632 die,
441 1571 500 1638 quo
519 1555 551 1616 in
572 1554 666 1616 aedem
688 1553 817 1614 Telluris
838 1552 995 1614 convocati
1017 1567 1133 1612 sumus.
1172 1549 1203 1611 ln

284 1656 344 1720 quo
373 1639 505 1719 templo,
540 1643 682 1718 quantum
705 1637 736 1698 in
759 1653 808 1696 me
828 1635 905 1713 luit,
933 1634 994 1697 ieci
1015 1632 1204 1696 fundamenta

283 1723 367 1805 pacis
396 1720 686 1801 Atheniensiumque
714 1719 858 1781 renovavi
894 1723 979 1780 vetus
1016 1717 1202 1798 exemplum

283 1805 418 1867 Graecum
440 1806 528 1866 etiam
551 1803 675 1866 verbum
697 1803 849 1887 usurpavi,
873 1819 933 1882 quo
958 1807 1018 1864 turn
1037 1802 1070 1862 in
1091 1800 1202 1862 sedan-

282 1888 328 1951 dis
350 1887 522 1950 discordiis
551 1903 606 1949 usa
639 1893 704 1950 erat
730 1887 833 1950 civitas
863 1886 933 1962 illa,
972 1890 1061 1965 atque
1087 1899 1202 1944 omnem

281 1972 455 2034 memoriam
475 1969 693 2034 discordiarum
716 1968 869 2032 oblivione
890 1969 1073 2049 sempiterna
1095 1966 1202 2029 dalen-

253 2055 350 2118 adam
371 2054 484 2116 censui.
532 2051 679 2114 Praeclara
702 2060 763 2116 tum
785 2053 881 2115 oratio
900 2051 938 2114 lt.
953 2052 1088 2130 Antonii,
1113 2068 1203 2132 egre-

282 2139 332 2220 gia
356 2138 443 2198 etiam
464 2135 621 2212 voluntes3
666 2141 729 2218 pax
758 2136 888 2218 denique
915 2153 973 2217 per
1005 2153 1074 2196 eum
1098 2140 1130 2195 et
1152 2149 1203 2214 per

283 2221 396 2283 liberos
427 2221 492 2281 eius
522 2237 589 2282 cum
619 2221 870 2302 prestantissimis
895 2219 1011 2280 civibus
1034 2216 1203 2279 confirmate

176 2367 178 2374 .
282 2310 337 2367 cst.
373 2303 472 2384 Atque
497 2303 544 2366 bis
568 2305 725 2386 principiis
747 2304 863 2384 reliqua
887 2301 1124 2364 consentiebant.
1158 2299 1201 2362 Ad

282 2387 516 2451 deliberationes
536 2405 599 2464 eas,
620 2405 695 2468 quas
716 2387 846 2449 habebat
862 2386 944 2448 domi
964 2385 1002 2447 de
1020 2403 1055 2446 re
1074 2384 1201 2466 publica,

281 2472 434 2554 principos
458 2471 584 2532 civitatis
609 2471 783 2546 adhibebat3
828 2469 866 2532 ad
890 2469 969 2530 bunc
993 2468 1130 2530 ordinem
1153 2483 1201 2527 res

282 2557 411 2637 optimas
433 2553 603 2628 deferebam
639 2554 714 2616 nihil
736 2560 808 2630 tum,
836 2553 895 2616 nisi
914 2552 995 2632 quod
1016 2556 1080 2613 erat
1101 2557 1199 2612 notum

281 2638 439 2715 omnibus,
471 2639 502 2699 in
527 2636 559 2698 C.
585 2635 713 2700 Caesaris
735 2637 955 2698 commentariis
977 2633 1198 2717 reperiebatur;

281 2739 395 2790 summa
417 2722 584 2783 constantia
607 2721 645 2782 ad
667 2737 712 2796 ee,
731 2738 798 2804 quae
813 2721 936 2802 quaesita
952 2726 1047 2794 erent,
1071 2736 1198 2798 respon-

252 2805 378 2867 edebat.
436 2803 512 2864 Num
544 2804 595 2884 qui
625 2805 749 2868 exsules
777 2803 930 2866 restituti?
973 2819 1065 2865 unum
1095 2801 1197 2872 aiebat,

279 2895 427 2969 praeterea
447 2888 607 2949 neminem.
649 2887 725 2949 Num
747 2887 945 2948 immunitates
969 2885 1069 2948 datae?
1101 2884 1196 2957 nullae,

279 2971 491 3051 respondebat.
534 2971 685 3033 Assentir'r
705 2973 791 3032 etiam
807 2986 867 3032 mos·
882 2968 946 3034 Ser.
966 2967 1110 3049 Sulpicio,
1134 2968 1196 3028 cla-

278 3054 399 3115 n'ssimo
421 3057 498 3129 viro,
520 3055 625 3132 voluit,
647 3073 686 3116 ne
708 3073 766 3136 qua
786 3053 887 3116 tabula
907 3058 977 3133 post
994 3052 1063 3114 ldus
1079 3051 1196 3122 Martias

278 3136 370 3199 ullius
393 3136 505 3198 decreti
531 3137 659 3200 Caesaris
681 3144 731 3199 aut
752 3135 890 3199 beneficii
912 3135 1065 3217 figeretur.
1109 3133 1195 3196 Multa

277 3225 425 3304 praetereo
446 3239 541 3300 eaque
563 3221 723 3302 praeolara3
745 3219 783 3283 ad
804 3219 957 3302 singulare
981 3220 1060 3280 enim
1076 3215 1114 3280 Μ.
1132 3217 1194 3278 An-

277 3305 352 3366 tonii
373 3302 484 3366 saeuum
505 3302 626 3367 festinat
655 3306 761 3368 oratio.
808 3303 1007 3381 Dictaturam,
1042 3317 1108 3382 quae
1140 3301 1192 3361 iam

277 3387 337 3450 vim
358 3389 453 3470 regia)
481 3389 638 3469 potestatis
662 3387 840 3463 obsederat,
871 3384 1003 3448 funditus
1022 3403 1062 3446 ex
1083 3401 1117 3445 rc
1137 3401 1192 3464 pu-

277 3471 357 3536 blica
374 3470 510 3546 sustulit3
533 3470 570 3534 de
589 3489 647 3552 qna
666 3489 706 3534 ne
726 3469 889 3535 sententias
912 3469 1031 3550 quidem
1054 3468 1190 3538 diximum

162 3589 165 3596 «
277 3555 421 3638 scriptum
443 3554 745 3638 senatusconsultum,
776 3554 857 3636 quod
878 3551 943 3615 fieri
961 3553 1062 3626 vellet,
1094 3549 1189 3620 attulit,

277 3653 338 3717 (pro
367 3639 495 3700 recitato
526 3639 819 3702 auctoritatemeius
841 3651 957 3700 summo
981 3634 1079 3698 studio
1102 3631 1188 3697 secuti

277 3735 380 3782 sumus
400 3721 491 3802 eique
513 3723 705 3804 amplissimis
719 3723 819 3786 verbis
836 3738 892 3802 per
909 3717 1186 3782 senatusconsultum

194 3801 232 3870 '2
250 3803 391 3881 agrarias
412 3805 539 3884 egimus.
583 3805 648 3868 Lux
672 3805 807 3886 quedam
831 3803 987 3868 videbatur
1007 3801 1113 3880 oblata,
1134 3813 1187 3860 non
