2468 4318
296 228 347 281 na
597 211 714 278 olan
730 220 757 278 'r
772 219 833 298 150
873 221 924 282 w.

295 397 397 466 stituta
417 413 488 462 esse
513 395 692 478 voluerunt,
724 393 819 480 quod·
836 395 979 461 videlicet
1006 395 1206 484 intelligebant,

295 483 344 548 his
360 483 485 546 remotis
505 495 568 542 nou
591 497 660 544 esse
679 488 808 543 mortem
829 480 926 562 ipsam
947 485 1207 565 pertimescendam

223 561 285 654 59
384 563 493 642 Nunc,
521 568 623 644 patres
642 564 824 647 conscripti,
858 581 919 648 ego
945 585 1014 630 mea
1042 569 1134 632 video
1153 570 1207 652 quid

174 719 176 728 ,
293 649 422 715 intersit.
483 647 515 712 si
548 648 632 709 eritis
668 650 764 710 secuti
798 649 976 712 sententiam
1017 649 1053 713 C.
1091 651 1208 730 cesaris,

293 733 436 818 quoniam
458 730 536 793 hanc
557 731 584 792 is
607 732 638 794 in
659 749 695 792 re
716 730 837 812 publica
860 733 949 812 viam,
981 752 1051 814 quae
1073 737 1208 819 popularis

292 818 437 894 habetur,
461 820 582 878 secutus
605 821 667 892 est,
687 813 818 880 fortasse
839 816 937 879 minus
959 824 1068 898 eruut,
1090 819 1146 882 hoc
1166 839 1208 882 au·

247 929 249 936 v
292 907 378 964 otore
400 905 430 962 et
451 898 610 980 cognitore
630 897 758 961 huiusce
779 900 944 976 sententie,
966 901 1042 964 mihi
1064 903 1208 986 populares

228 999 235 1015 ⁸
291 986 421 1067 impetus
444 981 696 1064 pertimescendi3
730 983 778 1046 siu
799 982 881 1045 illam
903 982 1040 1062 alteram,
1063 988 1164 1050 nescio
1181 1005 1208 1048 an

292 1068 421 1150 amplius
443 1064 516 1133 mihi
540 1065 657 1147 negotii
669 1065 884 1144 contrahatur.
931 1066 991 1130 Sed
1016 1073 1119 1132 tamen
1140 1087 1208 1132 meo-

290 1171 358 1216 rum
376 1149 580 1233 periculorum
602 1149 736 1212 rationes
761 1149 873 1212 utilitas
897 1151 943 1211 rei
961 1151 1097 1232 publicae
1120 1156 1207 1216 vineat

264 1286 268 1298 .
291 1235 443 1299 Habemus
464 1231 544 1294 euim
565 1249 583 1293 a
608 1230 641 1297 C,
662 1231 800 1311 Caesare,
825 1233 903 1296 sicul
925 1234 1030 1315 ipsius
1047 1237 1209 1320 dignitas'et

290 1320 439 1383 maiorum
458 1317 526 1378 'eius
546 1315 709 1397 amplitudo
727 1316 916 1398 postulabat,
947 1322 1133 1383 seutentiam
1148 1328 1207 1382 tan·

291 1419 381 1488 quam
402 1399 539 1464 obsidem
562 1405 716 1480 perpetue
737 1401 769 1486 ip
789 1418 854 1463 rem
878 1400 1030 1482 publicam
1056 1405 1207 1467 voluntatis.

289 1487 477 1551 intellectum
495 1489 552 1561 est,
574 1482 647 1564 quid
668 1482 852 1546 interesset¹
874 1485 952 1550 inter
971 1485 1129 1559 levitatem
1149 1503 1207 1550 cou-

289 1571 471 1636 lionatomm
500 1573 529 1631 et
557 1567 687 1629 animum
714 1582 788 1630 vere
805 1567 1013 1650 popularem,
1050 1571 1141 1635 saluti
1164 1587 1208 1652 po·

245 1669 280 1720 lo
288 1656 353 1802 puli
375 1652 594 1736 consulentem.
640 1649 737 1712 Video
762 1649 800 1712 de
819 1651 897 1725 istis,
929 1652 981 1733 qui
1003 1671 1040 1716 se
1062 1655 1208 1738 populares

311 1739 395 1801 uberi
423 1735 545 1810 voluat,
586 1733 697 1796 abesse
725 1736 957 1813 uonueminem,
987 1755 1028 1798 ne
1062 1738 1103 1800 de
1131 1738 1207 1819 capite

288 1822 433 1886 videlicet
453 1819 563 1881 civium
585 1815 788 1880 Romanorum
810 1819 989 1881 seutentiam
1010 1819 1103 1884 ferat.
1147 1822 1207 1883 lsel

287 1903 505 1970 nudiustertius
527 1901 558 1963 in
581 1899 749 1963 custodiam
778 1901 861 1965 cives
881 1901 1034 1966 Romanos
1063 1905 1160 1984 dedit,
1185 1907 1207 1963 et

289 1985 541 2072 supplicationem
563 1983 636 2046 mihi
655 1981 801 2062 decrevit,
825 1990 856 2047 et
875 1985 991 2050 indices
1010 1986 1155 2052 hesterno
1171 1986 1207 2047 die

287 2072 426 2137 maximis
454 2068 586 2151 praemiis
614 2066 724 2131 allecit.
778 2067 840 2132 lam
869 2069 928 2131 hoc
956 2071 1073 2136 nemini
1106 2071 1207 2135 dubium

288 2162 352 2231 est,
400 2153 452 2235 qui
483 2168 539 2214 reo
569 2150 754 2230 custodiam,
794 2154 950 2233 quaesitori
979 2153 1206 2237 gratulationem,

287 2237 382 2304 indici
411 2236 566 2318 premium
591 2235 749 2313 decrevit,
781 2236 913 2316 quidde
937 2243 999 2300 tota
1020 2255 1059 2300 re
1082 2247 1113 2301 et
1134 2251 1207 2300 causa

287 2321 436 2388 iudicarit.
485 2318 526 2382 At
548 2335 622 2382 vero
647 2315 680 2380 C.
705 2315 808 2382 Caesar
832 2319 983 2403 intelliglt,
1009 2321 1113 2404 legem
1134 2321 1231 2386 Sem-f

287 2407 427 2492 proniam
450 2420 521 2469 esse
545 2401 584 2466 de
613 2401 730 2464 civibus
754 2402 897 2475 Romanis
926 2405 1137 2484 constitutam,
1168 2398 1207 2484 qul

287 2497 388 2558 autem
407 2489 454 2553 rei
475 2486 604 2570 publicae
625 2486 665 2548 sit
685 2484 801 2563 hostis,
834 2505 903 2549 eum
925 2488 1021 2551 civem
1044 2507 1118 2552 esse
1137 2485 1206 2550 nullo

287 2575 378 2640 modo
414 2589 527 2656 posse;
572 2568 704 2650 deniquo
740 2570 839 2651 ipsum
874 2571 1000 2634 latorem
1033 2570 1206 2656 Sempronia

286 2656 392 2741 legis²
422 2653 564 2722 iniussu⁸
592 2652 700 2735 populi
730 2670 845 2734 poenas
876 2655 923 2716 rei
952 2654 1083 2736 publioae
1105 2657 1206 2736 depen-

287 2742 380 2806 disse.
414 2739 498 2801 ldem
509 2739 607 2819 ipsum
617 2734 785 2814 Lentulum,
807 2737 983 2820 largitorem
1000 2744 1030 2800 et
1047 2740 1205 2821 prodigum,

285 2842 349 2889 nou
371 2829 466 2908 putat,
491 2838 581 2903 quum
605 2818 643 2882 de
667 2821 803 2899 pernicie
821 2822 927 2903 populi
942 2820 1080 2902 Romani,
1104 2815 1205 2885 exitio*
1228 2823 1229 2885 l

285 2907 376 2972 huius
405 2907 490 2971 urbis
520 2911 580 2966 tam
604 2902 714 2966 acerbe
739 2910 860 2987 tamque
882 2904 1044 2968 crudeliter
1069 2901 1204 2990 cogitarit,

286 2990 403 3055 otiam⁵
440 2988 587 3072 appellari
617 3003 711 3068 posse
744 2989 932 3070 popularem.
991 2989 1096 3071 ltaque
1129 2989 1204 3050 homo

286 3074 462 3139 mitissimus
485 3079 576 3152 atque
596 3069 769 3134 lenissimus
792 3089 853 3134 non
875 3071 990 3136 dubitat
1011 3072 1042 3134 P.
1061 3070 1203 3135 Lentulum
1227 3051 1228 3139 l

171 3201 177 3208 -
286 3158 407 3224 aetemis
436 3154 569 3219 tenebris
601 3153 792 3236 vinculisque
824 3155 967 3218 mandare
999 3162 1029 3218 et
1059 3155 1153 3220 sancit
1180 3150 1203 3210 iu

184 3286 188 3294 1
284 3248 452 3327 posterum,
473 3257 513 3301 ne
536 3239 604 3320 quis
626 3237 715 3300 huius
735 3236 885 3320 supplicio
908 3238 1038 3302 levando
1058 3257 1093 3302 se
1108 3241 1203 3301 iactam
1226 3291 1227 3294 ,

286 3332 317 3390 et
337 3327 369 3389 ln
389 3324 526 3411 pernicie
548 3319 654 3404 populi
674 3319 801 3384 Romani
824 3321 951 3404 posthac
972 3323 1130 3405 popularis
1147 3330 1201 3382 csso

283 3409 399 3494 possit;
442 3406 578 3489 adiungit
605 3405 694 3467 etiam
716 3405 952 3486 publicationem
983 3406 1148 3483 bonorum,
1178 3401 1202 3460 u

285 3509 399 3564 omnes,
414 3491 505 3554 animi
526 3488 676 3551 cruciams
701 3495 732 3552 et
752 3489 892 3572 eorporis
913 3491 1004 3553 etiam
1033 3495 1150 3573 egestas
1173 3495 1200 3544 tt
1225 3549 1226 3552 ,

284 3575 462 3640 mendicitas
485 3577 697 3656 consequatur.
1225 3565 1226 3645 l

319 3775 422 3862 ¹codd3
439 3803 472 3816 -
490 3779 601 3832 intersit.
648 3775 732 3846 'lep
750 3775 852 3862 dempr.
898 3777 1010 3834 'tuscan
1059 3775 1199 3832 *aaut*

318 3855 347 3900 et
364 3856 449 3903 cartre.
488 3846 591 3901 ’code
609 3871 644 3896 -·.-
661 3865 708 3902 ma.
727 3857 815 3903 elram.
876 3879 888 3890 „
