2546 4310
949 179 1008 230 vll

127 331 250 400 dantur,
282 327 340 386 rita
373 344 407 384 ac
438 328 513 386 salus
548 324 754 400 intelligatur.¹
804 327 937 386 Similller
959 323 1088 388 ueritus‘

126 415 186 472 hoo
212 418 285 470 teste
307 411 429 469 stabilila
463 411 557 483 (Ouid
578 413 666 483 ipitur
684 410 774 468 erut?
818 411 901 470 Moru
922 421 950 468 et
972 415 1062 485 terpi-

126 497 271 566 cersolio)
294 513 309 552 a
332 496 444 553 Klotzio
474 502 568 568 spreta
600 503 644 552 est
676 496 778 569 354,
813 497 841 552 iu
864 498 884 564 ὃ
906 497 947 552 49
971 503 1061 554 autern

126 581 162 640 ab
182 594 241 656 uno
258 580 399 636 intellecta
419 586 462 636 est
482 579 611 636 Ernestio
630 584 657 635 et
673 579 784 636 lineola
802 579 960 636 adiectione
976 583 1064 650 (ouc-

125 680 263 736 sompno
284 665 386 730 omma)
410 663 513 721 adiuta.
561 662 655 735 (Ouid
675 661 817 734 offerebat
842 679 958 720 causum
977 664 1060 734 festi-

124 746 281 804 nationis?
311 747 414 814 Quoerit
438 747 510 804 euim
533 746 646 817 Cicero,
669 746 734 821 quid
756 747 850 819 inerit,
873 763 923 803 cur
941 747 1060 804 destina-

125 838 221 902 relur3
247 847 290 902 au,
316 831 391 903 quod
413 830 527 888 Clodius
546 830 628 886 heres
644 832 741 898 essct.)
788 829 914 902 Omnino,
936 831 960 887 si
977 831 1060 889 codi-

126 931 188 970 cem
210 915 406 971 (lolouiensem
428 930 462 970 eo
486 914 581 986 modo,
604 931 659 986 quo
682 930 752 972 nunc
774 913 973 988 Erlurtenscm‚
995 916 1059 972 col·
1136 967 1142 976 .

124 999 211 1054 latum
232 998 406 1070 haberemus,
428 1015 484 1054 nou
505 998 612 1069 dubito,
633 999 698 1071 quiu
718 997 766 1054 ille
782 998 854 1053 lrunc
873 998 955 1054 etlam
973 1014 1059 1071 supc-

125 1089 235 1145 raturus
257 1081 352 1151 luerit,
377 1082 430 1138 etsi
452 1079 486 1138 ue'
510 1081 535 1137 is
556 1081 666 1155 quidem
688 1081 745 1137 suis
767 1086 795 1136 ct
811 1081 934 1154 propriis
952 1081 1058 1138 mendis

125 1170 205 1220 caret
234 1165 277 1231 (ut
298 1167 318 1233 ὃ
340 1165 398 1220 79;
440 1173 527 1222 alca
547 1182 710 1235 cernamus,
744 1181 808 1237 quae
828 1163 1057 1233 concidemus).

123 1249 218 1320 Atque
246 1248 319 1304 hunc
339 1249 431 1305 locum
457 1249 548 1305 codex
570 1248 746 1305 Coloniensis
774 1249 857 1304 etiam
885 1248 913 1304 in
946 1249 1058 1320 ligari-
1086 1237 1088 1246 ’

124 1349 178 1388 auu
197 1337 309 1403 tuetur3
331 1331 428 1388 sedin
448 1333 502 1389 hac
524 1333 652 1389 oratione
674 1332 785 1389 omnino
809 1332 909 1388 melior
930 1333 1058 1390 codicum

124 1414 243 1486 familia,
277 1432 370 1488 e-qua
390 1432 461 1472 nuuc
486 1423 588 1488 praeter
611 1415 799 1472 Erfurteusem
823 1416 973 1486 diligenter
994 1417 1058 1472 ool-

124 1499 177 1558 lati
199 1505 261 1555 suut
282 1498 425 1555 leidensis
448 1500 520 1573 apud
541 1498 684 1570 Orelliam‚
709 1490 848 1555 Gudianus
872 1500 1007 1556 sccundus
1031 1505 1059 1556 et

123 1582 347 1656 salisburgensis
367 1582 438 1656 (llo)
461 1582 534 1654 opud
558 1583 718 1652 soldanum,
740 1583 795 1639 iam
817 1583 943 1638 nonnihil
967 1583 1058 1640 dalle-

124 1673 203 1722 ctcre
226 1666 324 1739 incipit
341 1683 356 1720 a
374 1667 533 1740 prestantia
556 1682 615 1737 sua,
639 1666 724 1723 credo
749 1665 823 1737 quod
847 1671 875 1720 et
897 1665 926 1721 iu
949 1683 984 1723 eo
1004 1683 1057 1722 co-

122 1750 198 1817 dice,
222 1766 311 1821 equo
334 1749 415 1805 duola
439 1755 490 1820 est,
514 1749 560 1805 hic
584 1749 639 1805 inm
664 1748 786 1805 deficere
807 1747 914 1808 librarii
932 1749 1056 1822 diligen-

123 1833 164 1888 tia
182 1839 317 1905 ooeperal
338 1839 366 1888 et
388 1833 517 1905 frequens
540 1832 626 1889 lectio
648 1831 801 1904 effecerat,
834 1839 864 1888 ut
887 1833 1057 1906 iuterpreta-

122 1921 216 1972 meuta
235 1917 357 1988 ascripta
375 1917 618 1989 superscriptaque
638 1922 740 1988 essent,
756 1916 832 1989 quod
851 1932 939 1988 genus
957 1917 1056 1975 atiam-

121 2015 196 2056 nuno
218 1999 247 2055 iu
270 1999 370 2055 codice
391 1997 451 2056 Erl.
474 2000 596 2072 perspici
621 2005 723 2071 potest.
771 1998 827 2055 Sed
842 2004 934 2056 lamen
955 2002 1078 2078 soepiusx
1167 1995 1172 2004 ’

120 2099 204 2156 quam
228 2083 316 2139 ceteri
347 2081 524 2138 coloniensis
555 2082 742 2156 corruptelam
774 2083 907 2154 effugisse
937 2081 1055 2142 uidetur.

122 2167 226 2223 Omnes
250 2182 282 2220 ea
307 2165 431 2238 pervasit
452 2167 481 2221 iu
503 2168 523 2233 §
546 2167 603 2238 11,
640 2165 687 2222 uhi
718 2165 794 2239 quod
816 2182 907 2238 nuuc,
942 2167 1056 2239 expulsa

120 2249 257 2322 graviore
282 2249 509 2322 interpolatione,
535 2249 663 2306 editura
688 2247 811 2320 lllotaio,
843 2250 978 2322 Soldauo,
1000 2250 1056 2306 Be-

121 2333 244 2390 neckio:
267 2333 388 2388 Enteroi
403 2332 452 2388 isti
471 2349 564 2388 mores
583 2347 674 2406 usqua
695 2331 734 2387 od
755 2334 921 2408 sanquinem
941 2335 1058 2389 tacituri

119 2415 219 2472 solent
246 2414 322 2485 odio,
348 2423 399 2471 out
423 2415 526 2472 leolam
551 2417 712 2472 Groec'orum
736 2422 786 2472 aut
808 2417 968 2472 immanium
990 2413 1057 2472 dar-

120 2497 267 2570 daroram,
291 2499 438 2572 dupliciter
453 2499 670 2572 deprehenditur
690 2505 717 2555 et
734 2499 919 2571 conuincitur,
940 2500 1056 2572 primum
1087 2547 1092 2560 .

120 2584 151 2650 in
175 2583 339 2654 pronomine
361 2584 418 2651 isti,
443 2599 498 2654 quo
520 2589 652 2639 externos
674 2598 765 2640 mores
787 2580 907 2638 nondum
928 2599 1053 2639 comme-

119 2665 221 2724 morati
255 2665 437 2722 demonstrari
470 2681 525 2722 uon
556 2672 690 2739 possunt,
723 2664 822 2721 deiude
847 2665 876 2722 iu
900 2666 961 2740 ipsa
988 2683 1056 2722 ora-

119 2749 206 2806 tionis
220 2754 247 2804 et
261 2749 405 2805 sententia
421 2749 520 2820 forma,
543 2748 618 2822 qnod
631 2764 725 2806 mores
748 2749 859 2806 incilari
881 2748 916 2806 ad
938 2750 1056 2820 sangui·
1079 2769 1082 2776 ⁴

118 2831 329 2904 mendicantur,
344 2833 499 2906 prasertim
510 2832 642 2889 adiuncto
653 2833 792 2889 hominurn
803 2834 913 2888 nomine
923 2835 1056 2902 (Greco-

119 2919 212 2985 rum),
235 2917 281 2987 qui
299 2922 376 2972 recle
398 2915 509 2972 incitari
530 2915 666 2984 dicuutur.
709 2916 805 2989 ltaque
828 2923 905 2974 recto
921 2917 975 2974 iam
993 2918 1056 2975 llo-

119 3001 193 3070 dius,
214 2998 314 3055 deiude
325 2999 493 3070 Wunderus,
511 3015 592 3072 quum
604 3000 661 3056 looi
672 2999 917 3072 inlerpolalionem
928 3002 1056 3059 animad-

118 3082 279 3153 vertissent,
301 3082 475 3138 scribendum
494 3083 624 3139 uiderunt
641 3091 740 3155 elego
758 3084 915 3142 edideram:
936 3086 1059 3146 Enteroe'

116 3167 170 3222 isti
186 3182 288 3235 mores,
311 3182 400 3238 capua
417 3165 456 3221 ud
470 3168 634 3238 sanguninem
650 3167 767 3223 incitari
787 3166 864 3240 odio,
886 3179 937 3227 out
953 3172 1056 3230 Iccium

121 3251 286 3306 Groecorum
308 3256 362 3307 etc.
383 3248 512 3322 (Emerui
535 3250 583 3306 isti
605 3258 667 3306 sunt
690 3267 791 3322 mores,
826 3269 896 3324 quos
917 3261 947 3310 tu
970 3255 1055 3313 indu·
1158 3287 1161 3294 ·

119 3350 186 3388 cere
221 3332 351 3404 conaris,
384 3328 450 3408 etc.)
508 3333 567 3389 Neo
598 3334 796 3408 praestriugere
826 3337 914 3393 aciem
946 3338 974 3394 in
998 3340 1054 3396 hoc

117 3416 186 3473 loco
209 3416 336 3473 codicum
359 3418 535 3473 auctoritatis
560 3418 695 3490 splendor
717 3417 844 3474 debehat.
890 3421 957 3477 Nem
982 3439 1054 3496 pau-

125 3499 169 3554 cis
196 3506 260 3555 ante
284 3501 411 3556 versibus
431 3500 460 3557 hi
481 3501 604 3571 editores
626 3502 750 3558 scribunt
764 3508 855 3558 recte:
876 3503 945 3560 lloec
965 3505 1056 3563 admi-

117 3609 352 3622 ...---—--.....

118 3665 127 3691 ¹
145 3659 228 3703 Potest
250 3660 338 3716 aliquis
359 3658 405 3702 dici
429 3660 527 3716 quodum
546 3659 613 3704 modo
634 3660 735 3704 iudicum
747 3660 817 3716 ordo,
837 3658 942 3708 homines
954 3678 1053 3710 commu·

144 3714 217 3758 nionc
231 3715 338 3758 muueris
353 3713 524 3766 continenda
540 3715 589 3759 l'la.
605 3719 616 3769 t
630 3715 679 3766 dlls
694 3725 776 3758 verum
790 3713 812 3759 is
819 3714 933 3763 eiusmodi
950 3733 997 3764 non
1007 3723 1052 3774 cst,
1158 3731 1168 3756 t

144 3773 171 3811 ut
184 3769 237 3814 clus
251 3769 305 3814 iura
317 3783 332 3816 a
346 3767 437 3816 Milone
450 3767 551 3818 dolense
564 3768 662 3826 cogitari
675 3767 773 3826 possint.
