2546 4310
261 221 279 272 t
607 209 844 272 cattio
929 202 935 220 ¹

263 383 1200 474 mmmmmfflmwmm?

208 518 220 532 .
263 472 315 555 qui
336 489 376 535 ex
399 471 519 536 civitate
540 471 574 534 in
596 477 733 534 senatum
761 477 888 554 propter
920 470 1099 554 dignitatem
1111 519 1122 552 ,
1157 492 1203 536 ex
1266 491 1267 510 ³

263 563 372 620 senatu
391 557 423 618 in
443 555 503 618 hoc
523 555 684 619 consilium
699 553 811 617 deiecti
833 554 907 618 estis
927 562 1056 637 propter
1069 558 1201 620 severi-
1266 575 1267 652 q

262 646 372 718 tatem,
409 639 446 701 ab
464 639 511 701 his
533 638 593 700 hoc
608 637 769 720 postulare
789 637 928 700 homines
950 639 1079 702 sicarios
1103 645 1202 722 atque
1266 663 1267 720 q

263 724 467 806 gladiatores,
505 738 567 785 non
600 721 690 784 modo
715 726 747 785 ut
771 721 921 803 supplicia
941 721 1052 800 vitent,
1083 741 1156 805 quae
1181 743 1203 786 a
1266 735 1267 816 q

203 874 209 894 ‚
265 807 352 869 vobis
371 822 430 889 pro
451 804 605 868 maleficiis
627 805 691 867 suis
712 811 849 868 metuere
873 810 963 886 atque
986 805 1117 868 horrore
1135 806 1200 870 de·
1266 819 1267 886 ξ

143 909 146 914 ·
263 891 347 967 bent,
368 907 475 954 verum
498 890 589 955 etiam
612 895 647 951 ut
669 888 778 970 spoliis
797 905 838 950 ex
859 886 936 950 trocl
957 888 1070 951 iudicio
1091 893 1201 954 ornati
1266 889 1267 898 ‘

161 983 202 1058 4
236 974 406 1056 sanctique
444 970 624 1036 discedant?
668 970 721 1034 iiis
754 971 793 1035 de
821 970 915 1034 rebus
949 972 1039 1034 tantis
1070 979 1202 1054 tamque
1266 989 1267 1022 t

263 1058 417 1121 atrocibus
447 1073 549 1138 neque
581 1055 655 1118 satis
687 1072 751 1126 me
769 1054 929 1117 commode
960 1053 1063 1117 dicere
1090 1073 1202 1138 neque

263 1141 339 1205 satis
362 1139 495 1224 grauiter
516 1139 662 1222 conqueri
683 1154 785 1220 neque
805 1138 878 1202 satis
900 1137 999 1200 libere
1027 1138 1201 1204 uociferari

262 1241 357 1306 posse
377 1223 472 1286 intelli
497 1239 526 1284 o.
572 1222 649 1284 Nam
671 1221 876 1285 commoditati
894 1221 1060 1305 ingenium,
1083 1225 1200 1304 gravi-
1266 1249 1267 1286 t

262 1307 323 1369 tati.
337 1311 426 1385 etas,
455 1242 584 1368 tticum
606 1311 745 1388 tempora
767 1311 837 1368 sunt
856 1305 1081 1386 impedimento.
1128 1305 1200 1369 Huc
1266 1295 1267 1312 ¹

263 1389 381 1453 aceedit
397 1407 530 1453 summus
551 1390 661 1467 timor,
694 1407 783 1472 quem
811 1387 884 1450 midi
905 1395 1013 1451 natura
1032 1387 1199 1472 pudorque
1266 1459 1267 1472 χ

262 1491 349 1536 meus
371 1473 504 1537 attribuit
526 1477 556 1535 ct
576 1478 678 1537 vestra
695 1472 825 1554 dignitas
842 1479 873 1534 et
886 1472 934 1534 vis
949 1471 1200 1536 adversariorum

264 1563 295 1620 et
316 1556 387 1622 Sex.
410 1557 513 1620 Roscii
534 1556 680 1639 pericula.
729 1555 922 1638 Quapropter
941 1571 999 1618 vos
1024 1562 1200 1639 creatque
1266 1611 1267 1640 ,

265 1642 413 1720 obsecro,
452 1641 588 1719 iudices,
629 1645 663 1702 ut
693 1645 807 1702 attente
833 1639 976 1720 bonaque
1005 1657 1073 1702 cum
1101 1639 1199 1704 venia

220 1737 255 1787 10
265 1725 359 1788 verba
387 1741 456 1788 mea
484 1724 621 1786 audiatis.
661 1723 739 1785 ,Fide
767 1723 978 1804 sapientiaque
1003 1727 1104 1785 vestra
1127 1721 1199 1784 fre-

264 1813 314 1871 tus
334 1807 405 1889 plus
429 1807 533 1868 oneris
555 1804 683 1884 sustuli,
721 1824 811 1888 mam
840 1804 924 1868 ferre
946 1823 996 1868 me
1024 1822 1119 1888 posse
1143 1807 1199 1869 in-

264 1890 382 1974 telligo.
427 1887 494 1950 Hoc
519 1905 597 1952 onus
621 1889 728 1952 sivos
752 1889 854 1970 aliqua
875 1889 1198 1971 enparteallevabi-

265 1971 474 2052 tis,1feram,
508 1977 542 2034 ut
563 1978 691 2055 potero,
730 1973 832 2036 studio
854 1979 885 2035 et
906 1972 1072 2053 industria,
1107 1972 1197 2037 iudi-

265 2075 354 2132 ces3.
370 2056 419 2119 siu
444 2073 463 2118 a
486 2055 572 2118 vobis
594 2055 639 2136 (id
661 2055 743 2137 quod
766 2073 829 2119 uon
851 2055 958 2138 sper'o)
979 2056 1114 2135 deserar,
1146 2063 1198 2120 ta-

165 2181 167 2190 ‚
265 2133 336 2202 men
366 2138 466 2202 animo
496 2155 559 2202 non
589 2139 745 2218 deficiam,
791 2145 822 2202 et
854 2139 904 2218 id,
949 2139 1032 2222 quod
1060 2141 1198 2227 suscepi,

266 2221 367 2304 quoad
388 2227 507 2303 potero,
528 2221 689 2304 perferam.
735 2221 824 2296 Quod
843 2223 872 2286 si
892 2223 1033 2305 perferre
1055 2239 1118 2286 non
1133 2241 1198 2306 po-

265 2313 344 2382 tero,
368 2307 499 2388 opprimi
522 2323 571 2368 me
593 2323 687 2369 onere
709 2305 802 2369 officii
817 2305 914 2385 malo,
936 2325 1026 2388 quam
1049 2307 1091 2385 id,
1113 2307 1198 2389 quod

266 2389 340 2451 mihi
363 2407 431 2452 oum
459 2388 519 2452 fide
551 2390 647 2452 semel
677 2389 850 2472 impositum
881 2394 963 2468 ast,
984 2397 1037 2453 aut
1067 2396 1198 2473 propter

222 2471 840 2621 11t2¹i⁶tt²tt⁰t0³¹¹ttt⁰ttt
872 2472 1072 2620 pqrpuqi
1091 2475 1199 2620 did?

267 2576 389 2723 qulaso,
418 2647 468 2719 ut,
502 2575 683 2722 quailemmlte
711 2577 774 2703 iani
803 2576 1036 2723 anteappop’ulo
1057 2605 1198 2703 Romano

265 2723 430 2806 prebuisti,
452 2741 544 2806 quum
564 2723 635 2787 huie
654 2723 770 2787 eidem³
792 2724 950 2805 quaestioni
967 2723 1061 2787 iudex
1075 2741 1197 2807 prees-

267 2825 337 2886 ses,
366 2806 457 2870 talem
478 2813 509 2868 te
533 2813 562 2868 et
579 2807 669 2870 nobis
691 2814 722 2870 et
742 2809 856 2890 populo
873 2807 1012 2883 Romano
1034 2807 1096 2870 hoe
1115 2813 1196 2869 tem-

180 2889 206 2964 5
267 2907 345 2973 pore
376 2889 539 2973 impertias.
595 2890 712 2964 Quanta
743 2891 900 2955 multitudo
930 2891 1084 2963 hominum
1115 2907 1196 2952 eou-
1266 2925 1267 2962 ,

268 2975 389 3038 venerit,
412 2975 450 3037 ad
472 2974 532 3036 hec
553 2973 715 3054 iudicium,
748 2975 852 3052 vides3
897 2991 963 3056 quae
993 2975 1032 3037 sit
1062 2973 1198 3036 omnium
1266 3001 1267 3052 t

235 3055 438 3120 ·‘mortaiium
459 3058 665 3139 exspectatio,
705 3075 771 3140 quae
799 3059 966 3141 cupiditas,
998 3063 1031 3120 nt
1053 3059 1134 3121 acria
1160 3075 1198 3120 ac
1266 3073 1267 3084 ¹

267 3158 377 3205 severa
395 3141 511 3204 iudicio
527 3141 608 3222 fiant,
627 3140 782 3225 intelligis.
827 3141 937 3226 Longo
961 3140 1122 3204 intervallo
1144 3140 1197 3204 iu-

269 3226 379 3289 dicium
393 3225 472 3289 inter
495 3225 623 3289 sicarios
645 3224 855 3308 hocprimum
876 3225 1081 3303 committitur,
1104 3243 1198 3308 quum

214 3382 216 3390 J
268 3309 385 3373 interea
413 3305 512 3373 caedes
542 3309 777 3391 indignissima¹
790 3309 988 3390 maximaeque
1015 3307 1104 3371 faeta
1127 3309 1197 3372 sint

149 3415 152 3422 ·
269 3390 381 3455 Omnes
395 3393 474 3455 hanc
491 3393 698 3474 questionem,
713 3399 744 3456 te
757 3398 898 3475 pretore,
915 3389 1085 3455 manifestis
1097 3391 1198 3454 maie-

266 3474 343 3542 iieiis
363 3476 601 3558 quotidianoque
625 3477 775 3558 sanguine
806 3474 1041 3560 dignissimam*
1072 3482 1199 3558 sperant

224 3563 260 3616 12
269 3557 409 3623 inuram.
456 3558 523 3634 Qua
537 3555 756 3623 vociferatione
770 3559 803 3623 in
824 3560 936 3624 ceteris
959 3557 1080 3627 iudiciis
1101 3577 1199 3623 aecu-

247 3743 250 3750 .
304 3699 402 3754 ¹eeai.
427 3710 519 3755 erest.
546 3701 618 3755 codd.
645 3701 749 3771 (spoliis
775 3700 834 3754 Ser.
858 3699 924 3766 hoe)
948 3683 982 3738 ἒ-
997 3677 1099 3770 Ιεροίίὶε
1127 3700 1200 3756 Sexti

302 3769 390 3822 Roscii
408 3771 468 3825 hoc.
496 3796 498 3800 ’
523 3771 677 3828 ’maximo
733 3773 745 3806 ⁸
766 3773 845 3824 idem.
889 3772 989 3824 ⁴cem'.
1009 3772 1087 3824 dedic
1104 3789 1119 3823 c
1136 3781 1198 3823 aest.

302 3839 374 3892 codd.
393 3866 428 3878 -
450 3843 483 3894 qe
502 3843 647 3897 manifestis
666 3861 701 3896 m.
714 3860 738 3909 q.
747 3859 767 3895 r.
779 3841 850 3926 iraud
868 3844 1002 3896 nantarius
1020 3850 1112 3896 ecana
1125 3841 1199 3895 cedd.
