2468 4318
259 233 296 286 m
564 213 879 297 onericus

259 403 457 490 urbi-contra
477 398 588 458 unum
612 392 672 456 rim
696 389 824 456 sceleris
850 393 1017 474 presentes
1042 389 1184 454 auxiium

260 505 332 554 esse
345 487 472 551 termus.
514 477 604 552 Quod
616 477 644 540 si
661 477 721 538 iam
735 477 795 538 sint
818 474 860 553 id,
881 473 963 556 quod
984 491 1054 535 curn
1071 491 1184 536 summu

260 573 367 638 lurore
391 566 532 647 cupiunt,
562 561 682 642 adepti,
704 577 777 622 num
798 557 843 621 illi
866 559 898 620 in
921 558 1026 626 cinere
1047 558 1134 620 urbis
1158 563 1185 619 et

259 652 456 736 insanguine
472 646 593 721 civium,
616 660 684 725 que
702 651 804 706 mente
820 641 1026 706 conscelerata
1045 659 1083 702 ac
1099 639 1154 702 nel
1168 677 1185 690 -

201 783 206 796 ι
259 743 306 806 ria
318 733 547 814 concupierunt,
568 724 841 790 consulesseaut¹
862 724 1024 787 dictatores
1037 725 1185 786 autetiam

259 839 353 907 reges
373 819 496 900 sperant
517 809 661 876 iuturus?
694 808 762 872 Nou
782 807 894 886 vident,
927 807 958 870 id
979 825 1015 870 se
1040 805 1185 889 cuperet,

261 907 343 992 quod
373 901 400 966 si
429 897 529 980 adepti
553 894 652 970 sint⁸,
685 892 814 975 fugitivo
836 891 926 955 alieni
951 890 1195 973 autgladiatcn'.

213 987 389 1057 mconaedi
411 985 451 1048 sil
480 976 634 1044 neoesse?
678 977 811 1039 Tertium
832 993 930 1059 genus
953 980 999 1036 est
1020 981 1110 1038 aetatc
1131 976 1185 1036 iam

261 1073 411 1146 allectum,
432 1065 487 1130 sed
503 1070 602 1126 umen
618 1059 854 1122 exercitatione⁴
874 1059 1050 1133 robustum3
1075 1075 1136 1139 quo
1150 1075 1186 1118 en

284 1173 377 1222 encre
399 1154 457 1215 iste
478 1155 526 1212 est
546 1145 685 1224 ldellius,
717 1145 767 1206 oui
790 1161 870 1205 nunc
892 1137 1020 1206 Catilina
1042 1139 1185 1204 succedit

260 1179 299 1306 fii
320 1241 390 1303 sunt
411 1233 550 1298 homines
573 1229 671 1290 exiis
694 1227 834 1300 coloniis,
866 1244 940 1308 quus
962 1223 1047 1288 Sulla
1071 1226 1186 1286 consti-

261 1325 336 1400 tuit;
372 1336 447 1402 quas
470 1333 531 1399 ego
551 1312 709 1376 universas
727 1310 837 1373 ciuium
858 1325 928 1374 esse
952 1310 1137 1388 optimorum
1160 1312 1187 1368 et

262 1405 497 1472 fortissimorum
523 1399 659 1460 uirorum
683 1394 799 1469 senti03
843 1394 898 1458 sed
923 1399 1028 1454 tamen
1057 1391 1091 1453 bi
1123 1396 1186 1454 sunt

264 1489 376 1566 coloni,
407 1486 516 1568 quise
540 1483 571 1544 in
591 1479 753 1560 insperatis
775 1495 811 1540 ac
834 1475 1028 1559 repentinis⁶
1049 1475 1186 1556 pecuniis

263 1569 469 1656 sumptuosius
493 1563 733 1643 insolentiusque
754 1561 911 1624 lactarunt.
958 1558 995 1620 Hi
1017 1559 1090 1620 dum
1113 1557 1187 1620 adi-

262 1657 362 1732 ilcent,
383 1663 532 1735 tamquam
553 1648 643 1724 beati,
668 1645 738 1707 dum
751 1643 891 1790 praediis,
914 1643 1042 1719 lecticis,
1066 1641 1185 1704 familiis

264 1740 393 1824 magnis,
414 1733 561 1800 conuiuiis
583 1730 734 1812 apparatis
771 1728 946 1804 electantur,
969 1727 1133 1788 intantum
1147 1741 1186 1786 es

265 1825 395 1890 alienum
417 1817 598 1890 inciderunt,
619 1819 662 1888 ut,
683 1811 711 1874 si
731 1811 807 1874 salvi
828 1828 898 1872 esso
919 1810 1023 1885 velint,
1046 1807 1131 1872 Sulla
1151 1808 1187 1870 sit

266 1909 304 1973 iis
327 1907 364 1970 ab
380 1899 487 1968 inieris
508 1896 685 1961 excitandus
692 1913 703 1969 ;
726 1895 777 1976 qui
799 1895 888 1956 etiam
909 1892 1073 1956 nonnullos
1097 1908 1186 1973 agre-

266 1997 328 2058 stes
352 1987 489 2055 homines
510 1989 618 2044 tenues
640 1985 879 2060 atqueegentes
902 1978 934 2038 in
957 1975 1086 2039 eandem
1109 1975 1186 2037 illam

265 2093 350 2158 spem
382 2069 555 2151 rapinarum
587 2069 723 2126 veterum
756 2061 950 2144 impulerunt
1008 2058 1094 2132 Quos
1130 2075 1186 2141 ego

264 2165 430 2237 utrosque,
467 2149 616 2226 Quirites,
647 2147 679 2210 in
708 2143 815 2207 eodem
846 2161 961 2228 genere
989 2142 1186 2224 praedatorum

266 2241 513 2322 direptorumque
534 2248 626 2314 pono.
660 2228 721 2294 Sed
742 2244 797 2290 ecs
820 2227 880 2290 hoc
901 2243 1030 2289 moneo:
1052 2225 1187 2288 desinant

265 2323 369 2387 furere
382 2320 429 2382 ct⁶
450 2316 689 2400 proscriptiones
705 2318 735 2375 et
750 2311 912 2374 dictaturas
928 2311 1075 2392 cogitare.
1099 2305 1187 2370 ''lan-

265 2415 313 2471 tus
335 2405 415 2468 enim
438 2403 560 2466 illorum
581 2404 750 2480 temporum
775 2395 864 2470 dolor
886 2396 1004 2467 inustus
1035 2397 1084 2456 est
1113 2391 1187 2454 civi-

266 2491 329 2569 tati,
348 2496 382 2553 ut
403 2490 462 2551 inm
483 2487 540 2548 ista
561 2498 623 2545 non
644 2480 734 2542 modo
756 2478 905 2556 hominos,
925 2476 1036 2540 sedne
1056 2474 1187 2558 pecudes

154 2575 204 2649 10
220 2575 388 2658 mquidem
404 2571 476 2635 mibi
496 2582 631 2648 passura
647 2580 717 2627 esse
731 2562 899 2626 uideantur.
935 2559 1080 2633 Quartum
1094 2573 1187 2642 genus

229 2663 245 2734 “,
267 2665 314 2722 est
335 2673 408 2720 sane
427 2654 543 2717 varium
563 2655 592 2712 et
609 2649 731 2710 mixtum
756 2652 787 2708 et
805 2645 1018 2719 turbulentum,
1039 2643 1091 2723 qui
1113 2644 1187 2704 iam-

266 2741 383 2825 pridem
405 2741 597 2820 premuntur,
631 2732 683 2813 qui
716 2746 876 2810 numquam
907 2723 1109 2810 emergunt⁷,
1141 2723 1188 2806 qui

267 2826 376 2909 partim
398 2822 515 2896 inertia,
536 2817 645 2900 partim
664 2815 742 2876 male
763 2811 901 2895 gerendo
923 2811 1058 2893 negotio,
1082 2809 1187 2891 partim

267 2911 356 2972 etiam
378 2904 554 2987 sumptibus,
582 2901 615 2962 iu
637 2905 740 2962 vetere
760 2913 822 2974 aere
845 2895 944 2957 alieno
967 2893 1119 2972 vacillant,
1141 2891 1187 2974 qui

267 2990 467 3066 vadimoniis,
503 2984 640 3062 iudiciis,
672 2978 944 3064 proscriptionibus
965 2977 1116 3040 bonorum
1135 2976 1187 3039 de-

267 3075 401 3158 fetigati,
433 3069 573 3153 pemnnlti
598 3074 628 3130 et
649 3085 689 3128 ex
710 3063 787 3127 urbe
808 3067 839 3124 et
861 3080 901 3122 cx
925 3061 1007 3144 agris
1031 3077 1067 3122 se
1087 3061 1119 3122 iu
1141 3060 1186 3121 illa

214 3153 218 3174 '
265 3166 367 3224 castra
389 3153 529 3219 conferre
553 3153 700 3214 dicuntur.
741 3146 842 3209 llosoe
863 3162 923 3228 ego
944 3161 1005 3206 non
1027 3151 1088 3206 tam
1109 3143 1186 3206 mili-

266 3249 314 3308 tes
338 3257 424 3305 acres
447 3257 535 3321 quam
556 3235 733 3298 infitiatores
751 3232 849 3294 lentos
872 3245 941 3290 esse
960 3227 1099 3290 arbitror.
1135 3223 1186 3300 Qui

266 3327 406 3392 homines
437 3321 583 3406 primum,
615 3318 643 3381 si
673 3324 755 3380 sture
778 3329 840 3375 non
862 3317 1008 3393 possunt,
1040 3315 1186 3384 cunnum,

269 3411 325 3476 sed
349 3410 399 3486 ita,
428 3413 542 3470 utnon
564 3403 656 3466 modo
674 3400 795 3474 civitas,
820 3395 875 3459 sed
896 3413 936 3458 ne
955 3395 1048 3458 vicini
1073 3393 1187 3476 quidem

254 3493 399 3578 -pruximi
419 3491 559 3556 scribant
604 3487 680 3550 Nam
699 3481 775 3546 illud
803 3498 865 3544 non
895 3478 1050 3560 intelligo,
1086 3495 1187 3561 quam-

307 3709 321 3770 ¹‚
341 3727 379 3762 ac.
437 3707 452 3738 ²
476 3704 564 3770 aaut,
597 3703 653 3757 edd.
671 3712 729 3756 cett
748 3728 784 3740 -
803 3718 832 3754 se
852 3715 950 3768 cupere
967 3697 1003 3751 id.
1059 3697 1187 3748 ’luemnt
1232 3683 1233 3750 l

305 3779 320 3810 ⁴
340 3778 398 3842 [sed
417 3773 516 3839 tamen]
543 3777 737 3830 exercitatione.
791 3771 896 3824 ‘cudat
924 3795 960 3806 -
987 3769 1186 3837 repentinisque,
1232 3759 1233 3778 ¹

307 3848 416 3900 *codd
432 3871 467 3886 ·-
486 3861 526 3897 ac.
569 3847 749 3911 'emergent
