2490 4316
283 253 336 305 m
612 242 848 298 ORA'HO

282 439 333 486 rue
354 423 487 494 rertann,
513 417 631 479 nescio.
671 414 797 478 Paratus
817 417 898 480 enirn
921 435 1083 496 veneram,
1110 435 1183 498 quun

283 513 317 569 tu
348 502 379 566 id
405 519 505 583 neque
535 518 592 581 per
623 506 655 561 te
682 503 779 562 scires
813 519 913 581 neque
947 502 1052 563 audire
1083 500 1183 562 aliunde

283 588 450 672 potuisses,
470 591 504 646 ut
519 584 711 665 ignoratione
729 591 780 644 tua
797 585 835 645 ad
853 585 984 646 bominis
1001 586 1102 646 miseri
1115 584 1183 645 satu-

281 679 342 734 tern
363 671 514 732 abuterer.
555 665 616 728 Sed
640 667 781 747 quoniam
801 667 957 749 diligentia
976 669 1089 730 iniunici
1113 669 1184 728 inve·

281 757 425 837 stigaturn
443 756 489 812 cst
499 750 523 825 ¹,
546 750 627 830 quod
644 749 765 825 tatebat,
785 750 987 812 confitendum
1001 758 1059 827 est,
1081 757 1113 812 ut
1131 750 1184 830 opi-

282 856 359 915 nor,
388 833 556 917 prasertim
580 851 671 913 quum
691 851 777 895 naeus
797 835 991 896 necessarius
1001 843 1025 912 ,⁰
1044 833 1078 897 C.
1099 835 1185 906 Pansa

282 921 409 997 iecerit,
437 924 470 980 ut
489 917 520 979 id
542 918 693 998 integrum
715 915 802 978 iam²
821 935 884 978 nou
905 924 1004 994 esset,
1034 918 1185 996 omissaque

283 1003 513 1078 controversia,
546 1001 644 1061 omnis
668 1001 766 1061 oratio
797 999 835 1060 ad
859 1001 1099 1064 misericordiam
1125 1007 1185 1062 tuan

284 1085 470 1152 conterenda
492 1090 558 1160 est,
582 1102 640 1163 qua
663 1082 785 1163 piurirni
808 1090 878 1145 sunt
898 1087 1090 1161 conservati,
1115 1100 1185 1164 quun

284 1178 352 1236 ote
372 1189 435 1232 uon
459 1165 871 1248 liberationeneutpased
894 1167 985 1228 errati
1007 1169 1125 1229 veniant
1143 1167 1187 1228 in-

255 1255 494 1339 epetranissent.
540 1249 641 1312 Habes
663 1251 766 1332 igitur,
788 1250 920 1328 Tubero,
941 1251 1024 1331 quod
1048 1257 1094 1316 est
1114 1267 1187 1312 accu-

284 1339 379 1402 satori
408 1334 538 1397 maxirue
571 1333 754 1416 optendunt,
791 1333 981 1396 coutitenteun
1012 1353 1117 1411 reurn,
1147 1329 1187 1395 sed

282 1427 384 1484 tannen
404 1417 490 1479 hoc³
512 1415 715 1491 confitentem,
738 1435 773 1479 se
796 1419 827 1479 in
851 1435 888 1479 ea
909 1425 996 1497 parte
1018 1418 1187 1496 fuisseque

282 1504 360 1582 ta⁴,
388 1519 447 1584 qua
469 1501 567 1562 rirurn
590 1500 672 1561 omni
695 1501 784 1562 laude
805 1501 948 1582 dignum,
976 1509 1095 1582 patrem
1116 1507 1188 1563 turn.

282 1588 388 1668 itaque
416 1585 501 1666 prins
532 1583 570 1646 de
595 1591 699 1648 restro
722 1585 832 1646 delicto
857 1584 1059 1646 eunndtearnini
1083 1598 1189 1664 necesso

283 1678 342 1750 est,
365 1688 454 1752 quam
479 1667 594 1748 Ligarii
615 1668 708 1744 ullam
730 1668 848 1747 culpam
871 1668 1111 1748 reprehendatis.

375 1753 412 1826 0.
436 1752 540 1814 eninri
560 1749 712 1832 Ligarius,
733 1769 825 1831 quara
856 1757 938 1814 esset
959 1752 1039 1813 nulia
1062 1749 1132 1814 belii
1148 1765 1190 1810 su·

203 1873 211 1892 1
283 1836 403 1919 spicio,
427 1835 545 1918 legatus
570 1834 602 1894 iu
624 1833 758 1895 Africana
781 1853 850 1895 cunr
874 1833 906 1895 C.
932 1833 1079 1896 Considio
1101 1831 1190 1916 prote-

282 1927 349 1986 ctus
371 1925 436 1995 est;
471 1936 531 1999 qua
562 1917 769 1998 indagatione
800 1924 831 1978 et
852 1919 968 1980 civibus
998 1923 1030 1979 et
1052 1918 1143 1980 sociis
1160 1916 1190 1975 ita

281 2021 318 2070 se
338 2002 496 2086 probarit,
518 2006 552 2062 ut
572 2000 725 2062 decedens
748 2000 910 2064 Considius
933 2003 1093 2081 provincia
1115 2000 1190 2062 satis-

281 2087 388 2162 tucere
408 2083 580 2147 hominibus
609 2101 673 2146 non
700 2089 824 2165 posset,
857 2086 884 2147 si
913 2102 1096 2166 quemquam
1119 2084 1190 2145 atinu

281 2169 448 2253 provinciae
468 2166 666 2248 praefecisset.
713 2167 817 2250 ltaque
841 2168 1018 2250 Ligurius⁶,
1045 2186 1137 2249 quunn
1153 2166 1190 2226 diu

281 2269 429 2316 recusans
452 2249 528 2314 nihii
548 2249 748 2332 profecisset,
778 2253 964 2333 provinciam
986 2254 1106 2333 accepit
1127 2248 1190 2312 inni-

281 2344 351 2412 tus3
374 2336 423 2398 uui
445 2335 491 2396 sio
511 2333 632 2416 praefuit
651 2336 682 2396 in
704 2352 791 2414 pace,
815 2341 900 2398 utet
921 2335 1039 2398 civibus
1066 2342 1097 2398 et
1115 2331 1191 2397 sociis

252 2420 455 2503 agratissima
487 2423 570 2480 esset
599 2419 665 2480 eius
690 2419 849 2500 integritas
870 2417 933 2480 ac⁷
954 2417 1040 2488 fides.
1093 2417 1190 2480 Beitun

281 2505 394 2570 subito:
402 2501 535 2579 exarsit,
558 2501 661 2582 quod,
683 2502 737 2582 qui
758 2508 844 2564 erant
867 2503 898 2564 in
920 2500 1034 2578 Africa,
1056 2509 1127 2565 ante
1147 2516 1191 2562 au·

282 2588 403 2661 dierunt
423 2586 502 2670 geri,
528 2603 617 2665 quam
639 2585 752 2666 pauni.
796 2585 863 2658 Quo
885 2585 1000 2662 audito,
1019 2579 1128 2667 partina
1147 2599 1191 2644 cu·

281 2670 407 2752 piditate
429 2667 674 2746 inconsiderata,
715 2670 822 2752 partim
843 2686 924 2731 caeeo
950 2669 1080 2750 quodam
1102 2670 1192 2730 tinore

279 2754 380 2837 primo
399 2753 524 2829 salutis,
554 2757 624 2832 post
646 2753 736 2815 etiarn
763 2753 854 2816 studii
883 2753 930 2815 sui
954 2753 1126 2833 querebant
1145 2749 1191 2812 ali-

279 2855 371 2920 quem
392 2835 509 2912 ducem,
533 2853 624 2916 quum
645 2836 804 2918 Ligarius,
830 2836 951 2900 donnum
973 2841 1124 2917 spectans,
1144 2829 1191 2895 ad⁸

280 2937 355 2984 suos
376 2920 479 3006 redire
495 2920 632 2999 cupiens,
654 2920 738 2982 uuiio
758 2937 793 2982 se
814 2919 964 3002 implicari
985 2921 1109 3002 negotio
1130 2933 1191 2999 pas·

279 3019 334 3067 sus
357 3009 412 3065 est.
455 3003 577 3065 luterirn
598 3002 630 3064 P.
647 3002 735 3066 Atius
748 3001 857 3080 Varus,
880 3004 931 3084 qni
947 3009 1059 3084 praetor
1073 3002 1191 3064 African

279 3085 462 3163 obtinuerat,
484 3085 599 3148 Uticam
620 3088 712 3152 venit.
754 3085 804 3148 Ad
821 3104 889 3150 eum
907 3087 1005 3149 statiua
1027 3098 1191 3148 concursant

280 3175 337 3233 est.
399 3167 499 3250 Atque
535 3170 587 3233 iiie
618 3188 680 3232 non
712 3169 860 3232 mediocri
888 3169 1052 3252 cupiditate
1083 3166 1192 3248 arripuit

214 3309 219 3316 .
280 3251 460 3335 imperium,
498 3253 525 3314 si
552 3259 651 3315 tannen
684 3253 784 3316 illud⁹
807 3253 966 3334 imperinm
1001 3271 1071 3316 esse
1098 3249 1191 3334 potuit

279 3336 364 3418 quod
397 3336 435 3398 ad
469 3336 618 3416 privatum
655 3337 790 3400 clamore
824 3337 1021 3402 multitudinis
1050 3335 1191 3417 inperita,

251 3419 364 3483 anullo
386 3419 509 3500 publico
532 3420 662 3482 consilio
684 3419 887 3486 deferebatur.
930 3421 1033 3502 ltaque
1055 3419 1190 3502 Ligarius,

280 3504 333 3586 qui
355 3519 444 3566 omne
466 3503 527 3566 tale
549 3503 706 3586 negotium
728 3503 1036 3588 cuperet-effugere,
1073 3502 1189 3586 paullum

283 3631 513 3654 *hn-
527 3641 531 3650 .

314 3712 440 3766 ¹ertid.
478 3713 564 3767 ²ianr
580 3715 719 3784 integrum.
759 3699 837 3768 'ita
874 3716 946 3776 ⁴tr,
965 3713 1077 3768 Tubero·
1115 3708 1188 3774 titi·

311 3791 361 3834 ιιι.
408 3783 477 3836 ‘E.
493 3782 529 3836 al.
546 3811 582 3822 -
602 3785 631 3848 Q.
652 3785 779 3852 Ligarius.
822 3787 840 3850 ⁴i
860 3787 932 3839 codd.
952 3813 984 3824 -
1004 3782 1040 3842 et.
1085 3783 1140 3832 'et
1156 3777 1187 3829 ad.

314 3851 327 3883 ⁹
349 3847 391 3915 H,
408 3861 472 3904 uest.
491 3852 640 3908 multorum.
659 3881 693 3893 -
712 3859 734 3908 si
750 3855 824 3908 iliud.
893 3899 897 3906 .
1033 3877 1036 3888 ¹
