2546 4310
127 235 130 242 ’
240 271 395 330 ·xxx

260 429 356 502 aperta
377 421 521 498 origiue);
541 445 542 450 ¹
562 421 717 498 eodemque
736 420 820 484 mollo
841 421 879 484 lll
900 425 922 497 ς
943 425 963 484 3
984 441 1038 502 pro
1059 429 1187 488 meteo-

258 515 322 566 aeat
344 504 433 586 (quod
458 506 677 578 Satiaturgensis
704 521 767 566 eum
797 508 895 584 pausia
919 507 1034 567 minoris
1055 515 1186 570 auetori-

259 591 324 649 tatis
349 590 456 664 serunt)
487 589 528 647 illi
549 589 605 647 duo
629 607 690 646 euin
711 597 804 647 eetera
827 591 906 650 turba
928 592 1031 649 hubent
1054 595 1187 657 usitatius

259 676 289 733 iu
316 691 353 732 ea
381 673 585 746 significatione
613 673 726 730 verbum
754 677 960 733 reemaeisseat.
1008 677 1083 744 (Par.
1114 695 1185 735 unns

230 783 231 788 ¹
257 760 458 816 reamasisseat
489 763 519 814 et
546 752 766 824 salicosano}
813 757 844 814 ln
869 763 941 816 orat.
962 756 1000 813 lll
1021 762 1042 826 s
1065 760 1108 816 10
1126 756 1183 817 Τε-

258 840 434 912 gemseeosis
456 856 517 896 oum
538 854 594 897 uno
617 837 818 910 Daisburgensi
841 845 943 911 servat,
964 840 1040 914 quod
1060 842 1185 900 Muretus

258 923 419 981 oonieetura
442 928 623 996 reppererat:
664 923 836 994 recepissent
854 924 922 992 (lma
942 929 1002 994 est,
1029 926 1184 997 prornisis-

256 1009 347 1077 seat),
368 1023 420 1080 pro
442 1022 497 1078 quo
519 1011 547 1062 et
567 1005 603 1068 in,
616 1003 819 1076 Rhenaugiensi
839 1011 868 1063 et
889 1005 989 1062 ceteris
1011 1007 1108 1076 (etiam
1126 1009 1185 1066 Sa-

257 1087 439 1160 lisburgensi)
461 1095 503 1144 est
521 1083 748 1164 praecepissent.¹
791 1087 865 1160 Sed,
892 1105 927 1146 ne
948 1087 1030 1146 nimis
1050 1090 1079 1147 io
1099 1108 1183 1148 oom-

257 1173 402 1248 paratione
424 1177 563 1246 prematur
578 1169 807 1243 lllrenougiemis,
827 1187 895 1228 eoee
916 1170 944 1229 in
960 1173 1086 1246 proxima
1106 1175 1181 1244 §11

256 1254 472 1328 'tegernseensis
486 1255 562 1311 solus
577 1270 629 1328 pro
649 1253 772 1326 infitiari
788 1254 874 1310 habet
896 1271 931 1312 ex
951 1255 1070 1312 absurda
1089 1256 1182 1314 intar-

257 1338 430 1412 pretatione:
454 1336 502 1393 aei
520 1337 641 1410 infirma
660 1336 863 1410 infimior-ipae.
904 1338 999 1396 Paullo
1020 1345 1085 1411 post
1102 1342 1124 1407 s
1142 1341 1182 1396 16

233 1471 236 1478 ,
256 1437 311 1495 pro
332 1421 363 1477 P.
381 1419 495 1476 tentati
511 1434 638 1476 soronam
665 1417 693 1474 io
714 1419 918 1492 lllrenaogiensi
948 1422 992 1489 (ut
1019 1421 1049 1478 in
1070 1421 1182 1480 duobus

256 1499 476 1576 Oxooiensibus)
499 1502 631 1576 seriptum
652 1507 695 1558 est
714 1503 870 1573 somatum
893 1501 958 1560 hine
980 1509 1042 1560 nats
1062 1510 1106 1564 est
1119 1505 1182 1562 lrsee

255 1586 286 1648 io
299 1619 303 1639 ι
315 1587 515 1658 Tegernseensi
542 1583 741 1659 interpolatio:
782 1584 814 1642 P.
833 1586 962 1659 lentati,
995 1589 1046 1660 qai
1066 1585 1183 1646 dicebat

228 1683 233 1686 ·
254 1669 452 1743 inperatorem
467 1686 499 1726 se
519 1684 581 1724 esse
600 1683 676 1724 anno
696 1667 749 1724 illo
770 1683 834 1723 eam
854 1669 970 1724 interita
993 1667 1073 1726 artis
1095 1669 1181 1741 [ata-

255 1743 328 1822 rumss
346 1754 493 1809 somniem.
540 1749 727 1807 Communiter
755 1757 846 1806 autem
870 1757 899 1808 ot
917 1751 964 1808 irie
986 1759 1102 1826 uterque
1124 1769 1180 1812 oo-

255 1835 311 1893 dex
332 1840 361 1890 et
381 1834 550 1908 reliquorum
567 1834 654 1904 longe
672 1831 783 1907 plurimi
804 1831 963 1908 interpolati
981 1837 1046 1894 sunt
1061 1836 1090 1892 iu
1101 1842 1179 1894 orat.

254 1917 294 1974 ill
315 1921 336 1986 §
359 1916 408 1988 lo,
430 1916 488 1989 ubi,
518 1915 594 1990 quod
614 1922 692 1971 reete
714 1915 779 1973 inde
799 1931 816 1971 a
837 1915 977 1990 Naugerio
999 1917 1103 1974 editum
1124 1927 1178 1993 est,

255 2002 400 2058 oouirmat
421 1999 512 2056 oodex
535 1997 755 2069 Salisburgensis
776 2015 837 2056 eum
858 2000 946 2064 tribua
974 2001 1179 2060 Parisiensibus

254 2083 575 2158 apsisteinmetuium:
611 2080 694 2155 qaod
715 2082 765 2140 ais
793 2082 907 2140 aieletor
928 2082 1043 2141 lamani
1063 2087 1180 2143 consilii

253 2173 399 2224 tarataram
415 2181 520 2229 ,rerum
545 2162 713 2237 aalmaatio
743 2181 804 2222 esse
820 2167 956 2239 potuisse.
1008 2166 1065 2234 Sed¹
1094 2186 1177 2242 quum

254 2250 339 2310 rerba
361 2264 415 2304 uon
436 2255 514 2305 reete
532 2248 724 2306 ordinarentur
740 2265 792 2305 nee
805 2249 1008 2322 intelligeretur
1024 2250 1087 2307 lise
1104 2268 1178 2309 oon-

254 2332 360 2390 iunelio
384 2330 500 2388 karratas·
516 2331 630 2388 consilii
647 2347 718 2403 esre,
739 2333 793 2390 hoe
815 2339 868 2404 est,
889 2333 918 2389 in
940 2334 1082 2389 liunmnum
1103 2351 1176 2391 eou-

254 2413 347 2472 silium
375 2421 403 2472 et
422 2413 594 2490 prudentiam
622 2413 742 2486 eadere,
781 2416 860 2472 loeus
888 2416 1123 2490 interpretantium
1147 2414 1176 2476 'et

162 2561 166 2570 K
254 2495 477 2572 interpolantium
500 2496 674 2553 sedulitatem
695 2497 837 2568 exaltavit,
862 2516 976 2572 quorum
998 2499 1101 2573 primus
1120 2517 1174 2557 eo-

253 2587 334 2638 uutus
357 2581 520 2655 apparatio
544 2579 645 2637 oodioe
666 2580 735 2652 Eri,
756 2581 816 2637 Par.
838 2581 868 2652 5,
893 2577 1061 2638 Francisno:
1096 2583 1175 2656 qaod

196 2659 198 2664 ’
253 2665 304 2720 osia
333 2664 445 2720 videtur
465 2663 582 2720 tomani
602 2664 717 2719 consilii
741 2672 884 2720 tarataram
914 2659 987 2739 (l’ar.
1007 2665 1044 2736 5,
1076 2664 1173 2724 Frane.

254 2749 377 2815 tantam)
399 2746 500 2803 molem
519 2762 613 2802 remam
632 2745 801 2818 patermutio
823 2750 956 2820 eoasepai
973 2749 1109 2820 poluisse,
1144 2754 1174 2806 ut

253 2831 437 2901 coniungatur
468 2830 585 2886 tomani
614 2830 727 2886 consilii
755 2829 943 2902 patematio3
978 2830 1079 2888 deinde
1107 2832 1173 2888 lou-

252 2913 317 2984 gius
338 2915 481 2987 progressi
508 2913 550 2970 sie
572 2913 743 2986 seripserunt
773 2915 816 2987 (in
847 2915 1065 2985 tegernseensi,
1097 2910 1171 2970 lllre-

251 2996 409 3070 naugiensi‚
432 2997 534 3053 esteris
555 2992 727 3069 plerisque:
750 2995 828 3070 qaod
844 2999 895 3054 aie
914 2997 1027 3052 sistetur
1047 2996 1172 3065 (sidere-

252 3082 300 3136 ter
320 3080 386 3150 Teg.
408 3087 436 3137 ει
457 3081 577 3138 tortasse
596 3079 644 3137 alii
664 3079 788 3153 qnidam)
810 3080 937 3136 hamanis
960 3080 1087 3138 consiliis
1109 3087 1173 3137 tan-

252 3223 481 3238 m

253 3310 262 3336 ¹
279 3293 329 3354 llas
341 3309 394 3354 loeo
408 3310 512 3354 lilatzioa
525 3309 689 3366 interpolatam
703 3307 843 3365 seripturam
858 3313 952 3354 saeuius
967 3311 1012 3353 eat.

251 3363 264 3391 ¹
279 3364 383 3408 lllotzlus
398 3363 518 3408 revocavit
530 3366 714 3420 praeeminent,
728 3363 810 3418 opinor
824 3368 849 3406 ut
863 3364 912 3406 siti
926 3363 1058 3408 referretur
1067 3362 1097 3407 ael
1108 3362 1173 3407 rilla-

276 3417 372 3474 troges-
401 3419 448 3461 Sed
462 3422 493 3460 ue
507 3418 561 3474 quial
576 3417 650 3460 eliaam
664 3417 693 3460 do
707 3417 831 3460 contrariis
844 3416 953 3460 memhris
968 3416 1095 3470 diiigenter
1108 3417 1172 3461 later
1262 3421 1263 3464 l

277 3485 304 3516 eo
319 3469 400 3516 relatis
414 3473 477 3527 (aare
489 3473 540 3526 ipae
551 3471 818 3526 legatieeonflrmasset
834 3474 867 3513 et:
879 3471 994 3526 1ᾳιιιεειιί
1008 3471 1088 3526 legati
1101 3484 1173 3514 reee-

274 3527 392 3582 piuent),
408 3527 523 3568 seilaeeunr
534 3532 583 3567 tom
596 3523 623 3566 lit
638 3536 724 3566 eorum
739 3536 780 3578 pro
797 3525 855 3572 suis
878 3537 922 3567 oea
936 3524 1009 3578 legati
1021 3525 1171 3579 praeeipuam

269 3580 362 3678 pIppola.
390 3578 526 3624 Mirabilius
542 3584 594 3630 εει,
619 3577 679 3640 qupel
699 3577 802 3641 litaminis
823 3578 899 3633 paullo
914 3581 1067 3644 aute-eontra
1080 3578 1171 3622 eodiaea

269 3630 1173 3740 restittit?mittitetetltttttlttlaellllili:

271 3740 334 3784 laeto
346 3739 389 3782 lioa
403 3739 500 3783 verbum
519 3738 637 3782 reseratur
651 3736 680 3780 aul
699 3737 772 3790 (lane
783 3699 995 3792 instravereiam)
1013 3740 1077 3794 paesi
1097 3739 1171 3791 ([ιει-
1261 3735 1262 3740 ’

271 3793 325 3836 tata
339 3793 455 3848 placeret
464 3813 492 3824 -
504 3791 607 3848 cethego
623 3792 770 3846 videretur),
798 3793 858 3846 (Neo
870 3792 933 3837 Gelli
943 3791 1053 3837 dicebaut
1067 3790 1170 3849 Cethego

273 3845 296 3891 iu
311 3846 400 3896 uideri,
417 3845 461 3890 sed
477 3846 555 3892 uuum
571 3847 645 3899 esea)
700 3862 704 3874 ·
1128 3887 1130 3896 ,
