2468 4318
267 227 303 308 m
590 248 884 306 onnrron

267 423 307 490 ll.
327 421 473 488 llorcello
493 421 658 501 dixissem,
681 422 741 488 iam
763 423 836 489 mihi
858 419 975 486 consuli
995 419 1054 483 hoc
1075 419 1140 503 ipso
1158 422 1183 482 in
1222 429 1223 468 t

267 508 380 590 templo
402 509 470 570 iure
492 508 605 588 optimo
631 514 755 570 senatus
777 509 839 570 vim
860 513 892 568 et
912 523 1017 568 munus
1038 503 1183 567 intulisset.
1222 505 1223 518 ¹

266 591 313 655 De
343 597 374 654 te
398 597 515 668 eutem,
548 588 696 668 Catilina,
729 609 821 672 quum
842 590 1017 672 quiescunt,
1056 587 1183 670 probant,
1222 591 1223 648 l

267 693 359 757 quum
382 675 553 756 potiuntur,
585 673 768 752 decernunt,
797 692 888 756 quum
910 677 1026 748 tacent,
1049 672 1183 744 clemnnt;
1222 679 1223 762 l

250 776 368 840 neque
391 757 422 819 hi
446 757 556 834 solum,
578 775 706 838 quorum
731 757 785 820 tibi
810 757 974 820 auotoritas
994 761 1042 818 est
1056 754 1184 817 videlicet
1222 779 1223 814 l

266 857 357 919 eoru,
388 843 449 903 vito
469 841 634 918 vilissime,
664 839 719 903 sed
741 841 829 903 etium
851 841 895 903 illi
919 840 1037 920 equites
1061 837 1183 912 Romani,

265 923 474 987 honestissimi
503 929 593 1006 atque
617 925 723 1006 optimi
746 925 824 1002 viri,
858 924 1013 1004 ceterique
1040 920 1183 984 fortissimi
1222 947 1223 964 ι

158 1062 160 1070 ι
267 1007 370 1085 cives,
402 1008 670 1090 qui'eircumstont
691 1015 847 1085 senatum,
876 1012 1003 1090 quorum
1024 1012 1057 1068 tu
1081 1011 1112 1068 et
1129 1003 1183 1065 fre-

247 1092 418 1174 ›quentium
440 1090 544 1153 videre
565 1097 596 1152 et
618 1091 718 1154 studia
738 1092 915 1174 perspicere
937 1096 967 1152 et
982 1106 1078 1152 voees
1094 1087 1183 1170 paullo

266 1181 335 1238 ente
361 1174 505 1237 exaudire
525 1175 662 1256 potuisti.
713 1174 847 1248 Quorum
861 1191 921 1258 ego
943 1174 995 1236 vix
1017 1174 1072 1235 ebs
1093 1178 1122 1234 te
1137 1172 1182 1232 iun

267 1259 319 1322 diu
339 1275 446 1322 munus
467 1277 503 1320 oo
524 1257 585 1321 tela
607 1259 760 1337 contineo,
782 1257 907 1322 cosdem
927 1257 1019 1320 focile
1042 1255 1183 1330 adducam,

124 1393 127 1400 ,
266 1344 299 1406 ut
319 1347 350 1404 tc
372 1342 454 1420 haeo,
490 1359 557 1423 quoe
582 1341 758 1424 iampridem
789 1348 908 1404 vestare
939 1340 1060 1420 studes,
1099 1339 1183 1401 relin-

146 1437 149 1444 ’
266 1431 408 1508 quentem
429 1443 527 1507 usque
550 1425 588 1488 od
607 1434 713 1507 portas
734 1431 967 1506 prosequuntur.

176 1497 255 1572 922
357 1509 544 1590 Quamquam
569 1509 642 1590 quid
665 1509 799 1591 loquor?
828 1509 871 1570 'le
894 1515 927 1571 ut
949 1507 1010 1570 ullu
1034 1523 1086 1570 res
1110 1504 1183 1568 fren-

265 1592 343 1677 gat?
365 1600 398 1655 tn
422 1600 456 1655 ot
475 1610 616 1673 umquem
641 1599 670 1654 te
690 1591 850 1675 corriges?
874 1598 906 1654 tu
927 1597 959 1654 ut
974 1589 1073 1654 ullam
1094 1588 1183 1671 lugan

264 1677 436 1740 meditere?
458 1683 490 1738 tu
511 1682 543 1738 ut
563 1676 657 1739 ullum
677 1675 817 1738 exsilium
833 1674 977 1758 cogites?
1002 1673 1120 1736 Utinam
1139 1669 1183 1732 titi

264 1762 353 1825 istum
374 1765 503 1822 mentem
526 1759 568 1822 dii
592 1761 775 1822 immortales
805 1758 905 1822 duintt
948 1755 1065 1821 tametsi
1095 1755 1182 1831 video,

264 1843 380 1909 simeo
402 1859 480 1906 voce
501 1843 679 1924 perterritus
701 1844 747 1905 ire
767 1843 806 1904 ‘in
829 1842 969 1906 exsilium
993 1843 1123 1904 animum
1143 1839 1183 1899 in-

224 1998 230 2014 ,
265 1927 400 2006 duxeris,
416 1931 534 2008 quantu
554 1929 717 2009 tempestus
739 1925 859 1990 invidie
882 1926 981 2004 nohis,
1003 1926 1031 1988 si
1047 1926 1143 1986 minus
1158 1921 1182 1982 in

264 2028 400 2094 praesens
424 2015 561 2092 tempus,
581 2011 697 2074 recenti
720 2011 867 2072 memorio
891 2010 1042 2073 scelerum
1065 2014 1182 2080 tuorum,

264 2100 296 2158 nt
319 2095 352 2156 in
373 2095 582 2176 posteritatem
605 2093 785 2176 impendent.
829 2092 889 2158 Sed
909 2099 954 2156 est
971 2092 1082 2170 tanti1,
1106 2091 1182 2154 dum-

263 2176 356 2240 modo
380 2179 438 2240 istn
458 2178 574 2260 privetu
595 2179 636 2242 sit
658 2178 809 2241 columitas
833 2184 864 2239 et
878 2195 900 2240 e
921 2177 967 2238 rei
988 2176 1118 2258 publice
1133 2190 1182 2256 pe-

263 2260 371 2324 rieulis
388 2261 574 2344 seiungatur.
618 2260 679 2326 Sed
695 2269 728 2324 tu
745 2265 778 2324 ut
795 2261 876 2324 vitiis
893 2261 952 2322 tuis
972 2273 1181 2330 commovente,

216 2415 219 2420 ,
263 2349 297 2408 ut
316 2345 418 2428 legum
439 2361 556 2427 poenas
578 2345 786 2428 pertimesces,
806 2351 841 2408 ut
864 2343 1050 2426 temporibus
1072 2343 1116 2405 rei
1132 2357 1182 2422 pu-

263 2427 352 2492 blioae
374 2427 501 2506 cedast,
523 2446 586 2490 non
609 2435 655 2491 est
673 2429 895 2510 postulandum.
936 2426 1044 2508 Neque
1066 2427 1143 2489 enim
1160 2423 1182 2482 is

264 2529 310 2590 es,
333 2509 472 2590 Catilina,
492 2518 527 2574 ut
548 2518 579 2573 te
597 2519 647 2574 out
668 2510 767 2594 pudor
787 2511 952 2593 ιιιιιιιιιιιιιι3
976 2507 1182 2592 aturpitudine

263 2601 443 2660 culmelos
468 2613 486 2657 u
507 2595 647 2676 periculo
677 2601 728 2658 out
758 2595 832 2658 ratic
857 2615 875 2658 a
899 2595 1004 2658 lirrore
1032 2591 1181 2657 revocarit.

170 2713 174 2719 -
216 2678 485 2758 mounmohrem,
506 2684 540 2740 ut
560 2695 642 2760 saepe
663 2679 723 2740 iem
744 2678 824 2758 dixi,
853 2677 1067 2760 proficiscere,
1092 2693 1146 2752 ee,
1159 2670 1181 2734 si

263 2761 338 2825 muln
359 2761 494 2840 mimico,
515 2768 547 2824 ut
563 2760 722 2844 praedieus,
744 2769 797 2825 tuo
819 2761 952 2825 conflare
975 2762 1019 2824 vis
1039 2758 1181 2832 invidiam,

263 2851 348 2909 rectu
368 2861 466 2928 perge
487 2845 520 2908 in
539 2846 679 2909 exsilium
690 2865 699 2922 3
725 2847 776 2907 vix
797 2845 893 2908 leram
912 2861 1068 2924 sermones
1090 2839 1181 2904 homi-

243 2935 346 3005 'num,
368 2929 395 2991 si
419 2929 450 2992 id
471 2927 584 2992 feceris
596 2949 605 3006 ;
641 2929 697 2992 uix
717 2929 827 2991 molem
850 2930 937 2992 istius
957 2929 1088 3004 invidie,
1111 2926 1136 2988 si
1156 2925 1181 2984 in

263 3012 405 3074 exsilium
426 3012 511 3076 iussu
535 3013 669 3076 consolis
685 3011 794 3092 ieris⁴,
815 3011 980 3076 sustinebo.
1024 3010 1179 3076 sinautem

263 3095 381 3159 seruire
405 3113 481 3158 mee
502 3096 584 3159 laudi
608 3102 638 3158 et
659 3095 775 3179 gloriae¹
796 3096 911 3174 mavis,
944 3095 1094 3178 egredere
1122 3107 1179 3153 eum

261 3179 435 3260 importuno
456 3180 673 3244 sceleratorum
690 3195 790 3265 menu,
814 3178 921 3242 confer
942 3185 972 3242 tc
994 3179 1032 3241 ed
1047 3176 1179 3250 Mallium,

262 3264 381 3326 concite
410 3263 548 3344 perditos
576 3263 678 3342 cives,
712 3281 840 3326 secerne
870 3269 900 3324 te
922 3281 940 3325 e
964 3263 1072 3340 bonis,
1107 3257 1178 3322 infer

261 3347 368 3428 patrie
397 3346 530 3424 bellum,
559 3346 678 3408 exsulta
706 3347 800 3428 impio
834 3346 1012 3424 latrocinio,
1045 3351 1078 3408 ut
1101 3356 1178 3406 ome

193 3455 196 3460 ·
260 3447 324 3492 non
346 3431 460 3494 eiectus
481 3429 519 3496 ud
541 3427 675 3507 alienos,
703 3429 759 3492 sed
782 3429 923 3493 invitatus
946 3429 985 3492 ed
1004 3436 1071 3492 tuos
1094 3421 1178 3489 esse⁵

215 3511 403 3578 invidearis.
450 3511 636 3594 Quamquam
666 3513 738 3594 quid
767 3531 828 3598 ego
860 3519 891 3578 te
918 3515 1056 3590 invitem,
1086 3521 1177 3589 equo

155 3597 158 3604 “
260 3595 320 3662 iam
341 3597 434 3660 seium
456 3613 526 3686 esse
545 3596 731 3679 premissos,
755 3599 809 3681 qui
829 3597 884 3662 tibi
900 3597 939 3662 ad
959 3597 1068 3662 Forum
1083 3593 1176 3658 nure-

270 3783 477 3862 .¹¹l¹ih52²¹¹ti·
513 3773 690 3844 'concedam
735 3790 818 3842 'om
837 3805 968 3859 umquem.
1027 3785 1129 3843 ‘codd
1146 3803 1173 3818 ν

201 3877 205 3884 ·
293 3858 355 3909 ieris
372 3859 445 3916 iussn
465 3873 539 3914 cons.
576 3860 684 3916 ‘codd
705 3885 737 3902 ·-
757 3862 817 3914 isse.
868 3919 873 3932 ι
936 3905 940 3912 ,
