2468 4318
244 230 338 287 nno
366 217 398 286 r.
428 179 576 312 nonio
603 199 794 286 naboan.
929 233 981 286 aar

59 403 168 485 (libere
203 406 274 480 sunt
304 397 384 464 enim
416 405 529 466 nostre
557 402 785 486 cogitamnast
823 406 870 482 et,
912 412 981 485 que

57 488 165 564 volunt,
189 487 237 548 sic
256 487 418 562 intuentur,
437 490 469 547 ut
490 503 526 548 ea
545 487 707 564 cernimus,
728 503 796 567 que
818 485 978 565 videmus),

55 569 165 658 tingite!
174 570 269 652 igitur
290 569 476 651 cogitatione
497 570 657 716 imaginem
674 569 764 660 buius
787 569 977 636 condicionis
1054 633 1059 650 ,

54 671 133 732 mea,
154 654 181 716 si
203 653 319 734 possim
344 651 476 730 efficere,
500 660 533 715 ut
584 654 696 716 ilonem
720 652 893 731 absolvatis,
922 651 978 716 real

54 738 100 815 ita,
119 737 146 799 si
166 737 198 798 P.
223 735 348 799 Clodius
369 736 526 798 revixerit.
569 735 647 810 Quid
662 735 751 800 'vultu
772 734 978 800 extimuistis?

55 820 182 894 Quonam
205 819 297 881 modo
320 819 374 882 ille
396 836 452 882 vos
473 819 560 883 vivus
577 819 721 898 afficeret,
744 837 825 903 quos
840 826 976 882 mortuus
1043 839 1049 849 ’

53 904 127 966 inani
149 903 336 986 cogitatione
357 903 531 983 percussit?
557 902 661 976 Quid?
684 905 710 966 si
727 905 795 986 ipse
814 901 868 965 Cn.
882 903 976 966 Pom-

54 988 142 1068 peius,
175 987 232 1067 qui
254 1003 290 1047 ca
311 987 421 1046 virtute
441 1004 477 1047 ac
498 985 621 1050 fortuna
643 993 699 1066 est,
730 992 763 1050 ut
786 1005 822 1049 ea
844 987 977 1068 potuerit

54 1087 175 1151 semper,
203 1085 272 1150 quaa
289 1085 378 1130 nerno
401 1074 511 1148 preter
531 1070 626 1150 illum,
653 1072 680 1134 si
700 1070 740 1148 is,
758 1071 890 1152 inquam,
913 1087 975 1151 po-

53 1156 152 1216 tuisset
185 1159 239 1215 aut
270 1152 467 1234 questionem
502 1152 541 1215 de
570 1161 668 1217 morte
697 1154 729 1216 P.
760 1152 859 1216 Clodii
891 1147 975 1215 terra

54 1243 98 1298 aut
118 1237 246 1317 ipsum²
270 1235 307 1296 ub
331 1233 438 1297 inieris
459 1237 604 1316 excitare,
625 1243 723 1302 utrum
744 1237 854 1318 putatis
873 1237 987 1319 potius,

52 1319 190 1381 iacturum
223 1318 349 1382 suisset
381 1319 505 1382 Etiamsi
536 1329 662 1404 propter
690 1321 851 1385 amicitiam
880 1319 975 1382 vellet

53 1403 128 1466 illum
149 1403 186 1465 ab
208 1401 317 1464 inieris
340 1416 481 1480 evocare,
502 1410 627 1486 propter
650 1421 715 1466 rem
740 1403 891 1483 publicam
910 1419 974 1465 non

53 1485 175 1548 iecisset
218 1485 294 1549 Eius
315 1485 410 1568 igitur
440 1486 544 1548 mortis
574 1487 686 1550 sedetis
718 1487 853 1562 ultores,
887 1486 974 1549 ouius

54 1570 133 1631 vitam
154 1570 181 1633 si
202 1568 317 1652 putetis
340 1585 396 1649 per
417 1583 474 1630 vos
495 1571 612 1631 restitui
641 1585 752 1651 posse,
788 1569 913 1647 nolitis,
943 1573 974 1630 et

54 1652 168 1715 deeius
192 1669 272 1715 nece
294 1651 355 1714 lata
376 1651 503 1731 questio
534 1657 596 1728 est,
629 1653 681 1733 qui
710 1653 737 1716 si
769 1650 874 1714 eadem
902 1649 974 1732 lege
1044 1688 1048 1696 =

52 1737 229 1798 reviviscere
253 1741 377 1816 posset,
406 1734 465 1796 lata
487 1732 538 1796 lex
560 1752 721 1816 numquam
743 1739 833 1798 esset.
877 1731 973 1797 liuius

54 1835 119 1901 ergo
149 1817 330 1881 interfector
359 1818 386 1880 si
416 1823 517 1892 esset,
562 1818 594 1880 in
619 1816 795 1881 ‘confitendo
827 1816 864 1880 ab
895 1817 973 1879 iisne
1017 1831 1024 1840 ·

53 1915 170 1982 poenam
192 1904 333 1978 timeret,
358 1917 436 1981 quos
458 1899 672 1964 liberavisset?
719 1897 815 1963 Graeci
833 1900 1019 1964 bominesoo

53 1983 166 2048 deorum
187 1986 326 2048 honores
349 1984 481 2046 tribuunt
501 1984 540 2046 iis
563 1985 649 2062 viris,
673 1985 725 2066 qui
746 1990 891 2066 tyrannos
912 2001 972 2046 ne-

53 2075 193 2132 caverunt.
245 2067 318 2142 Quoe
342 2083 402 2150 ego
423 2067 485 2130 vidi
505 2065 657 2131 Athenis?
681 2085 748 2148 que
770 2067 838 2130 aliis
861 2067 894 2129 in
914 2081 973 2128 ur-

51 2148 128 2214 bibus
156 2150 310 2214 Graeciae?
356 2166 431 2230 quas
461 2167 512 2213 res
539 2150 657 2214 divinas
686 2150 794 2214 talibus
822 2149 972 2214 institutas

52 2234 138 2296 viris?
173 2252 254 2317 quos
280 2231 411 2296 cantus?
448 2249 514 2314 que
534 2233 694 2296 earmina?
729 2235 828 2316 Prope
851 2233 889 2297 ad
910 2234 972 2296 im·

52 2317 230 2381 mortalitatis
262 2324 293 2379 et
321 2315 502 2398 religionem
534 2322 564 2379 et
586 2317 761 2380 memoriam
783 2334 972 2380 consecran-

52 2404 100 2462 tur.
155 2401 218 2464 Vos
245 2401 319 2464 muti
343 2404 589 2463 conservatorem
608 2401 724 2483 populi,
745 2401 819 2463 tanti
843 2399 971 2462 sceleris
1015 2420 1017 2426 ·
1060 2435 1063 2441 ,

52 2482 166 2546 ultorem
189 2501 255 2546 non
283 2483 375 2546 modo
393 2480 573 2545 bonoribus
606 2484 697 2546 nullis
727 2482 883 2558 afficietis,
914 2481 971 2544 sed
1073 2514 1077 2522 ,

51 2567 127 2628 ctiam
156 2568 195 2631 ad
229 2567 411 2648 supplicium
441 2567 508 2645 rapi
535 2567 713 2647 patiemini?
760 2564 971 2642 confiteretur,
1136 2573 1139 2585 ¹

53 2650 244 2727 anniteretur,
270 2652 403 2732 inquam,
427 2649 454 2712 si
474 2647 610 2729 iecisset,
631 2656 664 2713 et
683 2666 794 2734 magno
817 2649 916 2711 animo
939 2651 971 2710 et

54 2729 170 2813 libente,
196 2733 311 2796 iecisse
334 2733 395 2796 sei
424 2731 569 2795 libertatis
592 2733 724 2796 omnium
748 2740 857 2810 causa,
887 2730 969 2813 quod

54 2823 122 2878 esset
141 2819 197 2880 ei4
220 2835 283 2880 non
306 2815 505 2879 confitendum
526 2816 629 2894 modo,
650 2833 756 2878 verum
776 2817 867 2878 etiam
884 2831 969 2897 pre-

54 2895 203 2965 dicandum.
253 2900 388 2975 Etenim,
418 2899 444 2961 si
469 2898 499 2961 id
523 2916 594 2977 non¹
609 2905 717 2981 negat,
750 2917 789 2960 ex
811 2915 871 2981 quo
893 2897 1013 2961 nibilet
1031 2885 1081 2962 30

54 2983 124 3058 petit,
144 2986 202 3048 nisi
226 2991 259 3046 ut
281 2979 467 3066 ignoscatur,
491 2982 640 3045 dubitaret
664 2983 695 3044 id
718 2981 817 3064 fateri,
845 2999 886 3044 ex
908 2997 969 3063 quo

58 3065 130 3127 eiiam
153 3069 276 3149 premia
300 3066 397 3128 laudis
419 3073 523 3128 essent
541 3065 698 3150 petenda?
720 3066 779 3140 nisi
797 3083 871 3128 vero
892 3083 970 3148 gra·
1074 3133 1078 3143 Α
1126 3117 1138 3124 .

58 3147 104 3210 tius
122 3157 203 3232 putat
226 3167 296 3216 esse
319 3150 425 3228 vobis,
470 3149 518 3211 sui
551 3165 586 3211 se
616 3148 723 3231 capitis
757 3167 845 3230 quam
874 3147 969 3211 vestri
1051 3161 1058 3186 ⁵

57 3225 232 3297 defensorem
263 3234 360 3296 luisse
367 3253 376 3308 3
421 3251 512 3314 quum
538 3234 705 3315 presertim
727 3233 758 3295 in
782 3251 819 3296 ea
842 3229 969 3293 conles-

56 3311 145 3395 sione,
177 3320 203 3382 si
228 3318 308 3402 grati
331 3334 400 3380 esse
424 3315 563 3395 velletis,
599 3316 732 3380 honores
755 3319 969 3396 assequeretur

55 3399 239 3477 amplissimos
253 3423 263 3478 ;
287 3401 314 3464 si
330 3399 442 3465 factum
458 3398 548 3463 vobis
565 3418 628 3463 non
643 3400 824 3481 probaretur
845 3397 968 3478 (quam-

55 3493 130 3556 quam
148 3486 199 3566 qui
220 3489 341 3568 poterat
364 3484 449 3548 salus
468 3501 526 3547 sua
548 3485 688 3566 cuiquam
708 3498 773 3568 non
794 3479 967 3565 probarit),

57 3605 266 3631 Ἢ

87 3685 95 3716 ¹
114 3687 142 3743 Ε.
156 3715 192 3732 -·
209 3695 279 3746 anim
297 3698 358 3744 sunt
376 3692 454 3759 cogit.
474 3697 578 3744 nostre.
633 3689 648 3722 ¹
667 3689 805 3756 potuisset,
823 3691 853 3739 ut
869 3699 912 3754 qu·
932 3687 966 3739 cle

108 3795 114 3808 ·
123 3759 201 3884 cl'ug.
219 3763 248 3830 i,
268 3765 306 3818 ric
326 3764 420 3830 iprum.
459 3761 523 3814 ⁸13.
540 3785 576 3800 ·-
594 3777 623 3815 re
643 3759 748 3813 iecisse.
794 3757 860 3810 ⁴E.
879 3757 909 3812 li.
931 3781 965 3797 -
